%YAML 1.1
%TAG !u! tag:unity3d.com,2011:
--- !u!1 &329191009972405374
GameObject:
  m_ObjectHideFlags: 0
  m_CorrespondingSourceObject: {fileID: 0}
  m_PrefabInstance: {fileID: 0}
  m_PrefabAsset: {fileID: 0}
  serializedVersion: 6
  m_Component:
  - component: {fileID: 3081764503812894227}
  - component: {fileID: 837108066627043296}
  - component: {fileID: 8801069861164522313}
  m_Layer: 5
  m_Name: Card Image (1)
  m_TagString: Untagged
  m_Icon: {fileID: 0}
  m_NavMeshLayer: 0
  m_StaticEditorFlags: 0
  m_IsActive: 1
--- !u!224 &3081764503812894227
RectTransform:
  m_ObjectHideFlags: 0
  m_CorrespondingSourceObject: {fileID: 0}
  m_PrefabInstance: {fileID: 0}
  m_PrefabAsset: {fileID: 0}
  m_GameObject: {fileID: 329191009972405374}
  m_LocalRotation: {x: -0, y: -0, z: -0, w: 1}
  m_LocalPosition: {x: 0, y: 0, z: 0}
  m_LocalScale: {x: 1, y: 1, z: 1}
  m_Children: []
  m_Father: {fileID: 2977272575441178740}
  m_RootOrder: 11
  m_LocalEulerAnglesHint: {x: 0, y: 0, z: 0}
  m_AnchorMin: {x: 0.5, y: 0.5}
  m_AnchorMax: {x: 0.5, y: 0.5}
  m_AnchoredPosition: {x: 44, y: -106.4}
  m_SizeDelta: {x: 32, y: 32}
  m_Pivot: {x: 0.5, y: 0.5}
--- !u!222 &837108066627043296
CanvasRenderer:
  m_ObjectHideFlags: 0
  m_CorrespondingSourceObject: {fileID: 0}
  m_PrefabInstance: {fileID: 0}
  m_PrefabAsset: {fileID: 0}
  m_GameObject: {fileID: 329191009972405374}
  m_CullTransparentMesh: 1
--- !u!114 &8801069861164522313
MonoBehaviour:
  m_ObjectHideFlags: 0
  m_CorrespondingSourceObject: {fileID: 0}
  m_PrefabInstance: {fileID: 0}
  m_PrefabAsset: {fileID: 0}
  m_GameObject: {fileID: 329191009972405374}
  m_Enabled: 1
  m_EditorHideFlags: 0
  m_Script: {fileID: 11500000, guid: fe87c0e1cc204ed48ad3b37840f39efc, type: 3}
  m_Name: 
  m_EditorClassIdentifier: 
  m_Material: {fileID: 0}
  m_Color: {r: 1, g: 1, b: 1, a: 1}
  m_RaycastTarget: 1
  m_RaycastPadding: {x: 0, y: 0, z: 0, w: 0}
  m_Maskable: 1
  m_OnCullStateChanged:
    m_PersistentCalls:
      m_Calls: []
  m_Sprite: {fileID: 21300000, guid: 2b309c15e4d6743de8e821dcf631020e, type: 3}
  m_Type: 0
  m_PreserveAspect: 0
  m_FillCenter: 1
  m_FillMethod: 4
  m_FillAmount: 1
  m_FillClockwise: 1
  m_FillOrigin: 0
  m_UseSpriteMesh: 0
  m_PixelsPerUnitMultiplier: 1
--- !u!1 &1985211872166396290
GameObject:
  m_ObjectHideFlags: 0
  m_CorrespondingSourceObject: {fileID: 0}
  m_PrefabInstance: {fileID: 0}
  m_PrefabAsset: {fileID: 0}
  serializedVersion: 6
  m_Component:
  - component: {fileID: 2645920611217809903}
  - component: {fileID: 858117393676444695}
  - component: {fileID: 8998205140753209164}
  m_Layer: 5
  m_Name: Image
  m_TagString: Untagged
  m_Icon: {fileID: 0}
  m_NavMeshLayer: 0
  m_StaticEditorFlags: 0
  m_IsActive: 1
--- !u!224 &2645920611217809903
RectTransform:
  m_ObjectHideFlags: 0
  m_CorrespondingSourceObject: {fileID: 0}
  m_PrefabInstance: {fileID: 0}
  m_PrefabAsset: {fileID: 0}
  m_GameObject: {fileID: 1985211872166396290}
  m_LocalRotation: {x: -0, y: -0, z: -0, w: 1}
  m_LocalPosition: {x: 0, y: 0, z: 0}
  m_LocalScale: {x: 0.39999998, y: 0.39999998, z: 1}
  m_Children: []
  m_Father: {fileID: 2977272575441178740}
  m_RootOrder: 12
  m_LocalEulerAnglesHint: {x: 0, y: 0, z: 0}
  m_AnchorMin: {x: 0.5, y: 0.5}
  m_AnchorMax: {x: 0.5, y: 0.5}
  m_AnchoredPosition: {x: 73, y: -139}
  m_SizeDelta: {x: 100, y: 100}
  m_Pivot: {x: 0.5, y: 0.5}
--- !u!222 &858117393676444695
CanvasRenderer:
  m_ObjectHideFlags: 0
  m_CorrespondingSourceObject: {fileID: 0}
  m_PrefabInstance: {fileID: 0}
  m_PrefabAsset: {fileID: 0}
  m_GameObject: {fileID: 1985211872166396290}
  m_CullTransparentMesh: 1
--- !u!114 &8998205140753209164
MonoBehaviour:
  m_ObjectHideFlags: 0
  m_CorrespondingSourceObject: {fileID: 0}
  m_PrefabInstance: {fileID: 0}
  m_PrefabAsset: {fileID: 0}
  m_GameObject: {fileID: 1985211872166396290}
  m_Enabled: 1
  m_EditorHideFlags: 0
  m_Script: {fileID: 11500000, guid: fe87c0e1cc204ed48ad3b37840f39efc, type: 3}
  m_Name: 
  m_EditorClassIdentifier: 
  m_Material: {fileID: 0}
  m_Color: {r: 1, g: 1, b: 1, a: 1}
  m_RaycastTarget: 1
  m_RaycastPadding: {x: 0, y: 0, z: 0, w: 0}
  m_Maskable: 1
  m_OnCullStateChanged:
    m_PersistentCalls:
      m_Calls: []
  m_Sprite: {fileID: 21300000, guid: cf85ab3e4a95f4da497daf5f53a86ac4, type: 3}
  m_Type: 0
  m_PreserveAspect: 0
  m_FillCenter: 1
  m_FillMethod: 4
  m_FillAmount: 1
  m_FillClockwise: 1
  m_FillOrigin: 0
  m_UseSpriteMesh: 0
  m_PixelsPerUnitMultiplier: 1
--- !u!114 &5385120489900779751
MonoBehaviour:
  m_ObjectHideFlags: 0
  m_CorrespondingSourceObject: {fileID: 0}
  m_PrefabInstance: {fileID: 0}
  m_PrefabAsset: {fileID: 0}
  m_GameObject: {fileID: 5417888772569711391}
  m_Enabled: 1
  m_EditorHideFlags: 0
  m_Script: {fileID: 11500000, guid: efd318da61ad13646b88aae6d5da6069, type: 3}
  m_Name: 
  m_EditorClassIdentifier: 
  effect_token: {fileID: 0}
  tooltip_prefab: {fileID: 0}
  force_target_self: 0
  effect_amount: 0
  use_ap_cost_for_amount: 1
  isEndTurnEffect: 0
--- !u!114 &5513433319902726548
MonoBehaviour:
  m_ObjectHideFlags: 0
  m_CorrespondingSourceObject: {fileID: 0}
  m_PrefabInstance: {fileID: 0}
  m_PrefabAsset: {fileID: 0}
  m_GameObject: {fileID: 5417888772569711391}
  m_Enabled: 1
  m_EditorHideFlags: 0
  m_Script: {fileID: 11500000, guid: 26791a52fb24890418417d8f345d5b22, type: 3}
  m_Name: 
  m_EditorClassIdentifier: 
  effect_token: {fileID: 0}
  tooltip_prefab: {fileID: 0}
  force_target_self: 0
  effect_amount: 1
  use_ap_cost_for_amount: 0
  isEndTurnEffect: 0
--- !u!1001 &9022461097781246418
PrefabInstance:
  m_ObjectHideFlags: 0
  serializedVersion: 2
  m_Modification:
    m_TransformParent: {fileID: 0}
    m_Modifications:
    - target: {fileID: 2454229856614413844, guid: c9cbb1ef5848cab439aed8148ba57305, type: 3}
      propertyPath: m_text
      value: Self
      objectReference: {fileID: 0}
    - target: {fileID: 3637880271569819221, guid: c9cbb1ef5848cab439aed8148ba57305, type: 3}
      propertyPath: m_text
      value: 'Generate X  ..  with remaining ..

        Send 1 Worker to Queen Bee'
      objectReference: {fileID: 0}
    - target: {fileID: 3637880271569819221, guid: c9cbb1ef5848cab439aed8148ba57305, type: 3}
      propertyPath: m_fontSize
      value: 28
      objectReference: {fileID: 0}
    - target: {fileID: 3637880271569819221, guid: c9cbb1ef5848cab439aed8148ba57305, type: 3}
      propertyPath: m_fontSizeBase
      value: 28
      objectReference: {fileID: 0}
    - target: {fileID: 3892813988556208845, guid: c9cbb1ef5848cab439aed8148ba57305, type: 3}
      propertyPath: m_Name
      value: Emergency Rations
      objectReference: {fileID: 0}
    - target: {fileID: 4302993610070273350, guid: c9cbb1ef5848cab439aed8148ba57305, type: 3}
      propertyPath: m_Pivot.x
      value: 0.5
      objectReference: {fileID: 0}
    - target: {fileID: 4302993610070273350, guid: c9cbb1ef5848cab439aed8148ba57305, type: 3}
      propertyPath: m_Pivot.y
      value: 0.5
      objectReference: {fileID: 0}
    - target: {fileID: 4302993610070273350, guid: c9cbb1ef5848cab439aed8148ba57305, type: 3}
      propertyPath: m_RootOrder
      value: 0
      objectReference: {fileID: 0}
    - target: {fileID: 4302993610070273350, guid: c9cbb1ef5848cab439aed8148ba57305, type: 3}
      propertyPath: m_AnchorMax.x
      value: 0.5
      objectReference: {fileID: 0}
    - target: {fileID: 4302993610070273350, guid: c9cbb1ef5848cab439aed8148ba57305, type: 3}
      propertyPath: m_AnchorMax.y
      value: 0.5
      objectReference: {fileID: 0}
    - target: {fileID: 4302993610070273350, guid: c9cbb1ef5848cab439aed8148ba57305, type: 3}
      propertyPath: m_AnchorMin.x
      value: 0.5
      objectReference: {fileID: 0}
    - target: {fileID: 4302993610070273350, guid: c9cbb1ef5848cab439aed8148ba57305, type: 3}
      propertyPath: m_AnchorMin.y
      value: 0.5
      objectReference: {fileID: 0}
    - target: {fileID: 4302993610070273350, guid: c9cbb1ef5848cab439aed8148ba57305, type: 3}
      propertyPath: m_SizeDelta.x
      value: 350
      objectReference: {fileID: 0}
    - target: {fileID: 4302993610070273350, guid: c9cbb1ef5848cab439aed8148ba57305, type: 3}
      propertyPath: m_SizeDelta.y
      value: 565
      objectReference: {fileID: 0}
    - target: {fileID: 4302993610070273350, guid: c9cbb1ef5848cab439aed8148ba57305, type: 3}
      propertyPath: m_LocalPosition.x
      value: 0
      objectReference: {fileID: 0}
    - target: {fileID: 4302993610070273350, guid: c9cbb1ef5848cab439aed8148ba57305, type: 3}
      propertyPath: m_LocalPosition.y
      value: 0
      objectReference: {fileID: 0}
    - target: {fileID: 4302993610070273350, guid: c9cbb1ef5848cab439aed8148ba57305, type: 3}
      propertyPath: m_LocalPosition.z
      value: 0
      objectReference: {fileID: 0}
    - target: {fileID: 4302993610070273350, guid: c9cbb1ef5848cab439aed8148ba57305, type: 3}
      propertyPath: m_LocalRotation.w
      value: 1
      objectReference: {fileID: 0}
    - target: {fileID: 4302993610070273350, guid: c9cbb1ef5848cab439aed8148ba57305, type: 3}
      propertyPath: m_LocalRotation.x
      value: 0
      objectReference: {fileID: 0}
    - target: {fileID: 4302993610070273350, guid: c9cbb1ef5848cab439aed8148ba57305, type: 3}
      propertyPath: m_LocalRotation.y
      value: 0
      objectReference: {fileID: 0}
    - target: {fileID: 4302993610070273350, guid: c9cbb1ef5848cab439aed8148ba57305, type: 3}
      propertyPath: m_LocalRotation.z
      value: 0
      objectReference: {fileID: 0}
    - target: {fileID: 4302993610070273350, guid: c9cbb1ef5848cab439aed8148ba57305, type: 3}
      propertyPath: m_AnchoredPosition.x
      value: -716.3
      objectReference: {fileID: 0}
    - target: {fileID: 4302993610070273350, guid: c9cbb1ef5848cab439aed8148ba57305, type: 3}
      propertyPath: m_AnchoredPosition.y
      value: -461.3
      objectReference: {fileID: 0}
    - target: {fileID: 4302993610070273350, guid: c9cbb1ef5848cab439aed8148ba57305, type: 3}
      propertyPath: m_LocalEulerAnglesHint.x
      value: 0
      objectReference: {fileID: 0}
    - target: {fileID: 4302993610070273350, guid: c9cbb1ef5848cab439aed8148ba57305, type: 3}
      propertyPath: m_LocalEulerAnglesHint.y
      value: 0
      objectReference: {fileID: 0}
    - target: {fileID: 4302993610070273350, guid: c9cbb1ef5848cab439aed8148ba57305, type: 3}
      propertyPath: m_LocalEulerAnglesHint.z
      value: 0
      objectReference: {fileID: 0}
    - target: {fileID: 4375775647973514939, guid: c9cbb1ef5848cab439aed8148ba57305, type: 3}
      propertyPath: m_Sprite
      value: 
      objectReference: {fileID: 21300000, guid: 0f9788d4aa6e92a46b7f89f4d38b584d, type: 3}
    - target: {fileID: 5837150186513262318, guid: c9cbb1ef5848cab439aed8148ba57305, type: 3}
      propertyPath: m_SizeDelta.x
      value: 352.64
      objectReference: {fileID: 0}
    - target: {fileID: 5837150186513262318, guid: c9cbb1ef5848cab439aed8148ba57305, type: 3}
      propertyPath: m_SizeDelta.y
      value: 103.216
      objectReference: {fileID: 0}
    - target: {fileID: 5837150186513262318, guid: c9cbb1ef5848cab439aed8148ba57305, type: 3}
      propertyPath: m_AnchoredPosition.x
      value: -0.000019068
      objectReference: {fileID: 0}
    - target: {fileID: 5837150186513262318, guid: c9cbb1ef5848cab439aed8148ba57305, type: 3}
      propertyPath: m_AnchoredPosition.y
      value: -44.5
      objectReference: {fileID: 0}
    - target: {fileID: 6666602212761262591, guid: c9cbb1ef5848cab439aed8148ba57305, type: 3}
      propertyPath: costType
      value: 1
      objectReference: {fileID: 0}
    - target: {fileID: 6666602212761262591, guid: c9cbb1ef5848cab439aed8148ba57305, type: 3}
      propertyPath: card_name
      value: Emergency Rations
      objectReference: {fileID: 0}
    - target: {fileID: 6666602212761262591, guid: c9cbb1ef5848cab439aed8148ba57305, type: 3}
      propertyPath: sound_name
      value: Bees
      objectReference: {fileID: 0}
    - target: {fileID: 6666602212761262591, guid: c9cbb1ef5848cab439aed8148ba57305, type: 3}
      propertyPath: targetType
      value: 0
      objectReference: {fileID: 0}
    - target: {fileID: 6666602212761262591, guid: c9cbb1ef5848cab439aed8148ba57305, type: 3}
      propertyPath: defaultCost
      value: 3
      objectReference: {fileID: 0}
    - target: {fileID: 6666602212761262591, guid: c9cbb1ef5848cab439aed8148ba57305, type: 3}
      propertyPath: effects.Array.size
      value: 2
      objectReference: {fileID: 0}
    - target: {fileID: 6666602212761262591, guid: c9cbb1ef5848cab439aed8148ba57305, type: 3}
      propertyPath: visual_effect_prefab
      value: 
      objectReference: {fileID: 2475165869058690141, guid: 610f76458b5fb46d0a0a30b0ab2b4672, type: 3}
    - target: {fileID: 6666602212761262591, guid: c9cbb1ef5848cab439aed8148ba57305, type: 3}
      propertyPath: effects.Array.data[0]
      value: 
      objectReference: {fileID: 5513433319902726548}
    - target: {fileID: 6666602212761262591, guid: c9cbb1ef5848cab439aed8148ba57305, type: 3}
      propertyPath: effects.Array.data[1]
      value: 
      objectReference: {fileID: 5385120489900779751}
    - target: {fileID: 6666602212761262591, guid: c9cbb1ef5848cab439aed8148ba57305, type: 3}
      propertyPath: energy_effects.Array.size
      value: 0
      objectReference: {fileID: 0}
    - target: {fileID: 6666602212761262591, guid: c9cbb1ef5848cab439aed8148ba57305, type: 3}
      propertyPath: energy_effects.Array.data[0]
      value: 
      objectReference: {fileID: 0}
    - target: {fileID: 6985776862614678499, guid: c9cbb1ef5848cab439aed8148ba57305, type: 3}
      propertyPath: m_text
      value: Emergency Rations
      objectReference: {fileID: 0}
    - target: {fileID: 6985776862614678499, guid: c9cbb1ef5848cab439aed8148ba57305, type: 3}
      propertyPath: m_fontSize
      value: 30
      objectReference: {fileID: 0}
    - target: {fileID: 6985776862614678499, guid: c9cbb1ef5848cab439aed8148ba57305, type: 3}
      propertyPath: m_fontSizeBase
      value: 30
      objectReference: {fileID: 0}
    - target: {fileID: 8048496499096958993, guid: c9cbb1ef5848cab439aed8148ba57305, type: 3}
      propertyPath: m_text
      value: Queen Bee
      objectReference: {fileID: 0}
    m_RemovedComponents: []
  m_SourcePrefab: {fileID: 100100000, guid: c9cbb1ef5848cab439aed8148ba57305, type: 3}
--- !u!1 &5417888772569711391 stripped
GameObject:
  m_CorrespondingSourceObject: {fileID: 3892813988556208845, guid: c9cbb1ef5848cab439aed8148ba57305, type: 3}
  m_PrefabInstance: {fileID: 9022461097781246418}
  m_PrefabAsset: {fileID: 0}
--- !u!224 &2977272575441178740 stripped
RectTransform:
  m_CorrespondingSourceObject: {fileID: 6081932294063860134, guid: c9cbb1ef5848cab439aed8148ba57305, type: 3}
  m_PrefabInstance: {fileID: 9022461097781246418}
  m_PrefabAsset: {fileID: 0}
