%YAML 1.1
%TAG !u! tag:unity3d.com,2011:
--- !u!1 &6513963124816698116
GameObject:
  m_ObjectHideFlags: 0
  m_CorrespondingSourceObject: {fileID: 0}
  m_PrefabInstance: {fileID: 0}
  m_PrefabAsset: {fileID: 0}
  serializedVersion: 6
  m_Component:
  - component: {fileID: 6513963124816698138}
  - component: {fileID: 6513963124816698139}
  - component: {fileID: 6513963124816698137}
  - component: {fileID: 6513963124816698136}
  m_Layer: 0
  m_Name: OverworldLayout
  m_TagString: Untagged
  m_Icon: {fileID: 0}
  m_NavMeshLayer: 0
  m_StaticEditorFlags: 0
  m_IsActive: 1
--- !u!4 &6513963124816698138
Transform:
  m_ObjectHideFlags: 0
  m_CorrespondingSourceObject: {fileID: 0}
  m_PrefabInstance: {fileID: 0}
  m_PrefabAsset: {fileID: 0}
  m_GameObject: {fileID: 6513963124816698116}
  m_LocalRotation: {x: -0, y: -0, z: -0, w: 1}
  m_LocalPosition: {x: 0, y: 0, z: 0}
  m_LocalScale: {x: 1, y: 1, z: 1}
  m_Children: []
  m_Father: {fileID: 0}
  m_RootOrder: 0
  m_LocalEulerAnglesHint: {x: 0, y: 0, z: 0}
--- !u!114 &6513963124816698139
MonoBehaviour:
  m_ObjectHideFlags: 0
  m_CorrespondingSourceObject: {fileID: 0}
  m_PrefabInstance: {fileID: 0}
  m_PrefabAsset: {fileID: 0}
  m_GameObject: {fileID: 6513963124816698116}
  m_Enabled: 1
  m_EditorHideFlags: 0
  m_Script: {fileID: 11500000, guid: b7a80e3a545a92d4cab3dd776366b871, type: 3}
  m_Name: 
  m_EditorClassIdentifier: 
  edgeList: []
  verticesCount: 0
--- !u!114 &6513963124816698137
MonoBehaviour:
  m_ObjectHideFlags: 0
  m_CorrespondingSourceObject: {fileID: 0}
  m_PrefabInstance: {fileID: 0}
  m_PrefabAsset: {fileID: 0}
  m_GameObject: {fileID: 6513963124816698116}
  m_Enabled: 1
  m_EditorHideFlags: 0
  m_Script: {fileID: 11500000, guid: 41458f10498ea404d8c39d63bcc48210, type: 3}
  m_Name: 
  m_EditorClassIdentifier: 
  VertexMadeEvent: {fileID: 11400000, guid: 76119139372c7db489fe1518447a22ef, type: 2}
  levelLayout: {fileID: 6513963124816698139}
--- !u!114 &6513963124816698136
MonoBehaviour:
  m_ObjectHideFlags: 0
  m_CorrespondingSourceObject: {fileID: 0}
  m_PrefabInstance: {fileID: 0}
  m_PrefabAsset: {fileID: 0}
  m_GameObject: {fileID: 6513963124816698116}
  m_Enabled: 1
  m_EditorHideFlags: 0
  m_Script: {fileID: 11500000, guid: 5630c5a249502f840b5969a1c87831f4, type: 3}
  m_Name: 
  m_EditorClassIdentifier: 
  gameEvent: {fileID: 11400000, guid: cfb370a246f408a4fa75117ed1a71dee, type: 2}
  unityEventResponse:
    m_PersistentCalls:
      m_Calls:
      - m_Target: {fileID: 6513963124816698139}
        m_TargetAssemblyTypeName: Graph, Assembly-CSharp
        m_MethodName: SelectVertice
        m_Mode: 0
        m_Arguments:
          m_ObjectArgument: {fileID: 0}
          m_ObjectArgumentAssemblyTypeName: UnityEngine.Object, UnityEngine
          m_IntArgument: 0
          m_FloatArgument: 0
          m_StringArgument: 
          m_BoolArgument: 0
        m_CallState: 2
