%YAML 1.1
%TAG !u! tag:unity3d.com,2011:
--- !u!114 &4054642232531688359
MonoBehaviour:
  m_ObjectHideFlags: 0
  m_CorrespondingSourceObject: {fileID: 0}
  m_PrefabInstance: {fileID: 0}
  m_PrefabAsset: {fileID: 0}
  m_GameObject: {fileID: 3334972470098277054}
  m_Enabled: 1
  m_EditorHideFlags: 0
  m_Script: {fileID: 11500000, guid: c3fe83d18e7d6df44ba0bfac6ac92e18, type: 3}
  m_Name: 
  m_EditorClassIdentifier: 
  effect_token: {fileID: 21300000, guid: 0c0627b9b1f5b1d43923577111ddfce7, type: 3}
  tooltip_prefab: {fileID: 0}
  force_target_self: 0
  effect_amount: 5
  use_ap_cost_for_amount: 0
  isEndTurnEffect: 1
--- !u!114 &7461846010327591088
MonoBehaviour:
  m_ObjectHideFlags: 0
  m_CorrespondingSourceObject: {fileID: 0}
  m_PrefabInstance: {fileID: 0}
  m_PrefabAsset: {fileID: 0}
  m_GameObject: {fileID: 3334972470098277054}
  m_Enabled: 1
  m_EditorHideFlags: 0
  m_Script: {fileID: 11500000, guid: 072226247b85ad34abbba5574efc71b1, type: 3}
  m_Name: 
  m_EditorClassIdentifier: 
  effect_token: {fileID: 21300000, guid: ab7d59194520a7649acb19cd84cc7f1d, type: 3}
  tooltip_prefab: {fileID: 0}
  force_target_self: 0
  effect_amount: 35
  use_ap_cost_for_amount: 0
  isEndTurnEffect: 0
--- !u!114 &7482425934202840648
MonoBehaviour:
  m_ObjectHideFlags: 0
  m_CorrespondingSourceObject: {fileID: 0}
  m_PrefabInstance: {fileID: 0}
  m_PrefabAsset: {fileID: 0}
  m_GameObject: {fileID: 3334972470098277054}
  m_Enabled: 1
  m_EditorHideFlags: 0
  m_Script: {fileID: 11500000, guid: b904fffaac435d94c91c2d0ad4ecc8cf, type: 3}
  m_Name: 
  m_EditorClassIdentifier: 
  effect_token: {fileID: 0}
  tooltip_prefab: {fileID: 0}
  force_target_self: 0
  effect_amount: 5
  use_ap_cost_for_amount: 0
  isEndTurnEffect: 0
--- !u!1 &1995433897917512812
GameObject:
  m_ObjectHideFlags: 0
  m_CorrespondingSourceObject: {fileID: 0}
  m_PrefabInstance: {fileID: 0}
  m_PrefabAsset: {fileID: 0}
  serializedVersion: 6
  m_Component:
  - component: {fileID: 6036932469437922359}
  - component: {fileID: 2258902963313894877}
  - component: {fileID: 1024974325519260291}
  m_Layer: 5
  m_Name: Card Image (1)
  m_TagString: Untagged
  m_Icon: {fileID: 0}
  m_NavMeshLayer: 0
  m_StaticEditorFlags: 0
  m_IsActive: 1
--- !u!224 &6036932469437922359
RectTransform:
  m_ObjectHideFlags: 0
  m_CorrespondingSourceObject: {fileID: 0}
  m_PrefabInstance: {fileID: 0}
  m_PrefabAsset: {fileID: 0}
  m_GameObject: {fileID: 1995433897917512812}
  m_LocalRotation: {x: -0, y: -0, z: -0, w: 1}
  m_LocalPosition: {x: 0, y: 0, z: 0}
  m_LocalScale: {x: 1, y: 1, z: 1}
  m_Children: []
  m_Father: {fileID: 5488026794648756693}
  m_RootOrder: 11
  m_LocalEulerAnglesHint: {x: 0, y: 0, z: 0}
  m_AnchorMin: {x: 0.5, y: 0.5}
  m_AnchorMax: {x: 0.5, y: 0.5}
  m_AnchoredPosition: {x: 70.5, y: -121.4}
  m_SizeDelta: {x: 32, y: 32}
  m_Pivot: {x: 0.5, y: 0.49999762}
--- !u!222 &2258902963313894877
CanvasRenderer:
  m_ObjectHideFlags: 0
  m_CorrespondingSourceObject: {fileID: 0}
  m_PrefabInstance: {fileID: 0}
  m_PrefabAsset: {fileID: 0}
  m_GameObject: {fileID: 1995433897917512812}
  m_CullTransparentMesh: 1
--- !u!114 &1024974325519260291
MonoBehaviour:
  m_ObjectHideFlags: 0
  m_CorrespondingSourceObject: {fileID: 0}
  m_PrefabInstance: {fileID: 0}
  m_PrefabAsset: {fileID: 0}
  m_GameObject: {fileID: 1995433897917512812}
  m_Enabled: 1
  m_EditorHideFlags: 0
  m_Script: {fileID: 11500000, guid: fe87c0e1cc204ed48ad3b37840f39efc, type: 3}
  m_Name: 
  m_EditorClassIdentifier: 
  m_Material: {fileID: 0}
  m_Color: {r: 1, g: 1, b: 1, a: 1}
  m_RaycastTarget: 1
  m_RaycastPadding: {x: 0, y: 0, z: 0, w: 0}
  m_Maskable: 1
  m_OnCullStateChanged:
    m_PersistentCalls:
      m_Calls: []
  m_Sprite: {fileID: 21300000, guid: c20e4f88455a94c4caa9c67b6d26c565, type: 3}
  m_Type: 0
  m_PreserveAspect: 0
  m_FillCenter: 1
  m_FillMethod: 4
  m_FillAmount: 1
  m_FillClockwise: 1
  m_FillOrigin: 0
  m_UseSpriteMesh: 0
  m_PixelsPerUnitMultiplier: 1
--- !u!1001 &1796565919750655613
PrefabInstance:
  m_ObjectHideFlags: 0
  serializedVersion: 2
  m_Modification:
    m_TransformParent: {fileID: 0}
    m_Modifications:
    - target: {fileID: 2056776470451814892, guid: dd1291441f1b28c4bb5c47c001812430, type: 3}
      propertyPath: m_text
      value: 3
      objectReference: {fileID: 0}
    - target: {fileID: 2499423413309616154, guid: dd1291441f1b28c4bb5c47c001812430, type: 3}
      propertyPath: m_text
      value: enemy
      objectReference: {fileID: 0}
    - target: {fileID: 3665025757214134363, guid: dd1291441f1b28c4bb5c47c001812430, type: 3}
      propertyPath: m_text
      value: "Consume 5  .. : \nDeal 35 Damage \nApply 5 Poison"
      objectReference: {fileID: 0}
    - target: {fileID: 3665025757214134363, guid: dd1291441f1b28c4bb5c47c001812430, type: 3}
      propertyPath: m_fontSize
      value: 28
      objectReference: {fileID: 0}
    - target: {fileID: 3665025757214134363, guid: dd1291441f1b28c4bb5c47c001812430, type: 3}
      propertyPath: m_margin.x
      value: 7.1691895
      objectReference: {fileID: 0}
    - target: {fileID: 3665025757214134363, guid: dd1291441f1b28c4bb5c47c001812430, type: 3}
      propertyPath: m_margin.z
      value: 4.9022293
      objectReference: {fileID: 0}
    - target: {fileID: 3665025757214134363, guid: dd1291441f1b28c4bb5c47c001812430, type: 3}
      propertyPath: m_fontSizeBase
      value: 28
      objectReference: {fileID: 0}
    - target: {fileID: 3938007434523950275, guid: dd1291441f1b28c4bb5c47c001812430, type: 3}
      propertyPath: m_Name
      value: Lethal Injection
      objectReference: {fileID: 0}
    - target: {fileID: 4258114642552187720, guid: dd1291441f1b28c4bb5c47c001812430, type: 3}
      propertyPath: m_Pivot.x
      value: 0.5
      objectReference: {fileID: 0}
    - target: {fileID: 4258114642552187720, guid: dd1291441f1b28c4bb5c47c001812430, type: 3}
      propertyPath: m_Pivot.y
      value: 0.5
      objectReference: {fileID: 0}
    - target: {fileID: 4258114642552187720, guid: dd1291441f1b28c4bb5c47c001812430, type: 3}
      propertyPath: m_RootOrder
      value: 0
      objectReference: {fileID: 0}
    - target: {fileID: 4258114642552187720, guid: dd1291441f1b28c4bb5c47c001812430, type: 3}
      propertyPath: m_AnchorMax.x
      value: 0.5
      objectReference: {fileID: 0}
    - target: {fileID: 4258114642552187720, guid: dd1291441f1b28c4bb5c47c001812430, type: 3}
      propertyPath: m_AnchorMax.y
      value: 0.5
      objectReference: {fileID: 0}
    - target: {fileID: 4258114642552187720, guid: dd1291441f1b28c4bb5c47c001812430, type: 3}
      propertyPath: m_AnchorMin.x
      value: 0.5
      objectReference: {fileID: 0}
    - target: {fileID: 4258114642552187720, guid: dd1291441f1b28c4bb5c47c001812430, type: 3}
      propertyPath: m_AnchorMin.y
      value: 0.5
      objectReference: {fileID: 0}
    - target: {fileID: 4258114642552187720, guid: dd1291441f1b28c4bb5c47c001812430, type: 3}
      propertyPath: m_SizeDelta.x
      value: 350
      objectReference: {fileID: 0}
    - target: {fileID: 4258114642552187720, guid: dd1291441f1b28c4bb5c47c001812430, type: 3}
      propertyPath: m_SizeDelta.y
      value: 565
      objectReference: {fileID: 0}
    - target: {fileID: 4258114642552187720, guid: dd1291441f1b28c4bb5c47c001812430, type: 3}
      propertyPath: m_LocalPosition.x
      value: 0
      objectReference: {fileID: 0}
    - target: {fileID: 4258114642552187720, guid: dd1291441f1b28c4bb5c47c001812430, type: 3}
      propertyPath: m_LocalPosition.y
      value: 0
      objectReference: {fileID: 0}
    - target: {fileID: 4258114642552187720, guid: dd1291441f1b28c4bb5c47c001812430, type: 3}
      propertyPath: m_LocalPosition.z
      value: 0
      objectReference: {fileID: 0}
    - target: {fileID: 4258114642552187720, guid: dd1291441f1b28c4bb5c47c001812430, type: 3}
      propertyPath: m_LocalRotation.w
      value: 1
      objectReference: {fileID: 0}
    - target: {fileID: 4258114642552187720, guid: dd1291441f1b28c4bb5c47c001812430, type: 3}
      propertyPath: m_LocalRotation.x
      value: -0
      objectReference: {fileID: 0}
    - target: {fileID: 4258114642552187720, guid: dd1291441f1b28c4bb5c47c001812430, type: 3}
      propertyPath: m_LocalRotation.y
      value: -0
      objectReference: {fileID: 0}
    - target: {fileID: 4258114642552187720, guid: dd1291441f1b28c4bb5c47c001812430, type: 3}
      propertyPath: m_LocalRotation.z
      value: -0
      objectReference: {fileID: 0}
    - target: {fileID: 4258114642552187720, guid: dd1291441f1b28c4bb5c47c001812430, type: 3}
      propertyPath: m_AnchoredPosition.x
      value: -1682.3463
      objectReference: {fileID: 0}
    - target: {fileID: 4258114642552187720, guid: dd1291441f1b28c4bb5c47c001812430, type: 3}
      propertyPath: m_AnchoredPosition.y
      value: -1004
      objectReference: {fileID: 0}
    - target: {fileID: 4258114642552187720, guid: dd1291441f1b28c4bb5c47c001812430, type: 3}
      propertyPath: m_LocalEulerAnglesHint.x
      value: 0
      objectReference: {fileID: 0}
    - target: {fileID: 4258114642552187720, guid: dd1291441f1b28c4bb5c47c001812430, type: 3}
      propertyPath: m_LocalEulerAnglesHint.y
      value: 0
      objectReference: {fileID: 0}
    - target: {fileID: 4258114642552187720, guid: dd1291441f1b28c4bb5c47c001812430, type: 3}
      propertyPath: m_LocalEulerAnglesHint.z
      value: 0
      objectReference: {fileID: 0}
    - target: {fileID: 4330617396079483061, guid: dd1291441f1b28c4bb5c47c001812430, type: 3}
      propertyPath: m_Sprite
      value: 
      objectReference: {fileID: 21300000, guid: 6a908a3575c206647bd9e6193247e8d6, type: 3}
    - target: {fileID: 6639456159138979825, guid: dd1291441f1b28c4bb5c47c001812430, type: 3}
      propertyPath: card_name
      value: Lethal Injection
      objectReference: {fileID: 0}
    - target: {fileID: 6639456159138979825, guid: dd1291441f1b28c4bb5c47c001812430, type: 3}
      propertyPath: sound_name
      value: Scald
      objectReference: {fileID: 0}
    - target: {fileID: 6639456159138979825, guid: dd1291441f1b28c4bb5c47c001812430, type: 3}
      propertyPath: targetType
      value: 6
      objectReference: {fileID: 0}
    - target: {fileID: 6639456159138979825, guid: dd1291441f1b28c4bb5c47c001812430, type: 3}
      propertyPath: defaultCost
      value: 3
      objectReference: {fileID: 0}
    - target: {fileID: 6639456159138979825, guid: dd1291441f1b28c4bb5c47c001812430, type: 3}
      propertyPath: effects.Array.size
      value: 0
      objectReference: {fileID: 0}
    - target: {fileID: 6639456159138979825, guid: dd1291441f1b28c4bb5c47c001812430, type: 3}
      propertyPath: energy_requirement
      value: 1
      objectReference: {fileID: 0}
    - target: {fileID: 6639456159138979825, guid: dd1291441f1b28c4bb5c47c001812430, type: 3}
      propertyPath: energy_type_required
      value: 3
      objectReference: {fileID: 0}
    - target: {fileID: 6639456159138979825, guid: dd1291441f1b28c4bb5c47c001812430, type: 3}
      propertyPath: visual_effect_prefab
      value: 
      objectReference: {fileID: 2475165869058690141, guid: a8b0da115b8a443ee9fa78558eb04656, type: 3}
    - target: {fileID: 6639456159138979825, guid: dd1291441f1b28c4bb5c47c001812430, type: 3}
      propertyPath: energy_amount_consumed
      value: 5
      objectReference: {fileID: 0}
    - target: {fileID: 6639456159138979825, guid: dd1291441f1b28c4bb5c47c001812430, type: 3}
      propertyPath: energy_effects.Array.size
      value: 3
      objectReference: {fileID: 0}
    - target: {fileID: 6639456159138979825, guid: dd1291441f1b28c4bb5c47c001812430, type: 3}
      propertyPath: energy_effects.Array.data[0]
      value: 
      objectReference: {fileID: 7461846010327591088}
    - target: {fileID: 6639456159138979825, guid: dd1291441f1b28c4bb5c47c001812430, type: 3}
      propertyPath: energy_effects.Array.data[1]
      value: 
      objectReference: {fileID: 7482425934202840648}
    - target: {fileID: 6639456159138979825, guid: dd1291441f1b28c4bb5c47c001812430, type: 3}
      propertyPath: energy_effects.Array.data[2]
      value: 
      objectReference: {fileID: 4054642232531688359}
    - target: {fileID: 6940863260648254957, guid: dd1291441f1b28c4bb5c47c001812430, type: 3}
      propertyPath: m_text
      value: Lethal Injection
      objectReference: {fileID: 0}
    m_RemovedComponents: []
  m_SourcePrefab: {fileID: 100100000, guid: dd1291441f1b28c4bb5c47c001812430, type: 3}
--- !u!1 &3334972470098277054 stripped
GameObject:
  m_CorrespondingSourceObject: {fileID: 3938007434523950275, guid: dd1291441f1b28c4bb5c47c001812430, type: 3}
  m_PrefabInstance: {fileID: 1796565919750655613}
  m_PrefabAsset: {fileID: 0}
--- !u!224 &5488026794648756693 stripped
RectTransform:
  m_CorrespondingSourceObject: {fileID: 6109076156040015784, guid: dd1291441f1b28c4bb5c47c001812430, type: 3}
  m_PrefabInstance: {fileID: 1796565919750655613}
  m_PrefabAsset: {fileID: 0}
