%YAML 1.1
%TAG !u! tag:unity3d.com,2011:
--- !u!1 &273415852103015526
GameObject:
  m_ObjectHideFlags: 0
  m_CorrespondingSourceObject: {fileID: 0}
  m_PrefabInstance: {fileID: 0}
  m_PrefabAsset: {fileID: 0}
  serializedVersion: 6
  m_Component:
  - component: {fileID: 5829681424249267542}
  - component: {fileID: 1689531208502258058}
  - component: {fileID: 6249338090563677430}
  m_Layer: 5
  m_Name: Card Art (1)
  m_TagString: Untagged
  m_Icon: {fileID: 0}
  m_NavMeshLayer: 0
  m_StaticEditorFlags: 0
  m_IsActive: 1
--- !u!224 &5829681424249267542
RectTransform:
  m_ObjectHideFlags: 0
  m_CorrespondingSourceObject: {fileID: 0}
  m_PrefabInstance: {fileID: 0}
  m_PrefabAsset: {fileID: 0}
  m_GameObject: {fileID: 273415852103015526}
  m_LocalRotation: {x: -0, y: -0, z: -0, w: 1}
  m_LocalPosition: {x: 0, y: 0, z: 0}
  m_LocalScale: {x: 1, y: 1, z: 1}
  m_Children: []
  m_Father: {fileID: 5403106385715755806}
  m_RootOrder: 11
  m_LocalEulerAnglesHint: {x: 0, y: 0, z: 0}
  m_AnchorMin: {x: 0.5, y: 0.5}
  m_AnchorMax: {x: 0.5, y: 0.5}
  m_AnchoredPosition: {x: 68.3, y: -173.9}
  m_SizeDelta: {x: 32.016, y: 32.016}
  m_Pivot: {x: 0.50000006, y: 0.49999997}
--- !u!222 &1689531208502258058
CanvasRenderer:
  m_ObjectHideFlags: 0
  m_CorrespondingSourceObject: {fileID: 0}
  m_PrefabInstance: {fileID: 0}
  m_PrefabAsset: {fileID: 0}
  m_GameObject: {fileID: 273415852103015526}
  m_CullTransparentMesh: 1
--- !u!114 &6249338090563677430
MonoBehaviour:
  m_ObjectHideFlags: 0
  m_CorrespondingSourceObject: {fileID: 0}
  m_PrefabInstance: {fileID: 0}
  m_PrefabAsset: {fileID: 0}
  m_GameObject: {fileID: 273415852103015526}
  m_Enabled: 1
  m_EditorHideFlags: 0
  m_Script: {fileID: 11500000, guid: fe87c0e1cc204ed48ad3b37840f39efc, type: 3}
  m_Name: 
  m_EditorClassIdentifier: 
  m_Material: {fileID: 0}
  m_Color: {r: 1, g: 1, b: 1, a: 1}
  m_RaycastTarget: 1
  m_RaycastPadding: {x: 0, y: 0, z: 0, w: 0}
  m_Maskable: 1
  m_OnCullStateChanged:
    m_PersistentCalls:
      m_Calls: []
  m_Sprite: {fileID: 21300000, guid: 2b309c15e4d6743de8e821dcf631020e, type: 3}
  m_Type: 0
  m_PreserveAspect: 0
  m_FillCenter: 1
  m_FillMethod: 4
  m_FillAmount: 1
  m_FillClockwise: 1
  m_FillOrigin: 0
  m_UseSpriteMesh: 0
  m_PixelsPerUnitMultiplier: 1
--- !u!114 &549059032657510664
MonoBehaviour:
  m_ObjectHideFlags: 0
  m_CorrespondingSourceObject: {fileID: 0}
  m_PrefabInstance: {fileID: 0}
  m_PrefabAsset: {fileID: 0}
  m_GameObject: {fileID: 2925897343474346101}
  m_Enabled: 1
  m_EditorHideFlags: 0
  m_Script: {fileID: 11500000, guid: 2029fddb9af198041af2f66df50d03b5, type: 3}
  m_Name: 
  m_EditorClassIdentifier: 
  effect_token: {fileID: 21300000, guid: df3b07e9e89c544bab6bb7fbe700c916, type: 3}
  tooltip_prefab: {fileID: 0}
  force_target_self: 0
  effect_amount: 3
  use_ap_cost_for_amount: 0
  isEndTurnEffect: 0
--- !u!114 &4820291268976025727
MonoBehaviour:
  m_ObjectHideFlags: 0
  m_CorrespondingSourceObject: {fileID: 0}
  m_PrefabInstance: {fileID: 0}
  m_PrefabAsset: {fileID: 0}
  m_GameObject: {fileID: 2925897343474346101}
  m_Enabled: 1
  m_EditorHideFlags: 0
  m_Script: {fileID: 11500000, guid: 9adcdfbdd12336244a6c8f2d069beb08, type: 3}
  m_Name: 
  m_EditorClassIdentifier: 
  effect_token: {fileID: 0}
  tooltip_prefab: {fileID: 0}
  force_target_self: 0
  effect_amount: 1
  use_ap_cost_for_amount: 0
  isEndTurnEffect: 0
--- !u!114 &5480999411543497884
MonoBehaviour:
  m_ObjectHideFlags: 0
  m_CorrespondingSourceObject: {fileID: 0}
  m_PrefabInstance: {fileID: 0}
  m_PrefabAsset: {fileID: 0}
  m_GameObject: {fileID: 2925897343474346101}
  m_Enabled: 1
  m_EditorHideFlags: 0
  m_Script: {fileID: 11500000, guid: 2029fddb9af198041af2f66df50d03b5, type: 3}
  m_Name: 
  m_EditorClassIdentifier: 
  effect_token: {fileID: 21300000, guid: df3b07e9e89c544bab6bb7fbe700c916, type: 3}
  tooltip_prefab: {fileID: 0}
  force_target_self: 0
  effect_amount: 2
  use_ap_cost_for_amount: 0
  isEndTurnEffect: 0
--- !u!1001 &3589096110964119299
PrefabInstance:
  m_ObjectHideFlags: 0
  serializedVersion: 2
  m_Modification:
    m_TransformParent: {fileID: 0}
    m_Modifications:
    - target: {fileID: 1434971191278885632, guid: 01a5cfd9c5f5fee48ac28e21ae0f96a6, type: 3}
      propertyPath: m_Sprite
      value: 
      objectReference: {fileID: 21300000, guid: 0534b775038235141b5ebc6edaafa327, type: 3}
    - target: {fileID: 1505512435222538493, guid: 01a5cfd9c5f5fee48ac28e21ae0f96a6, type: 3}
      propertyPath: m_Pivot.x
      value: 0.5
      objectReference: {fileID: 0}
    - target: {fileID: 1505512435222538493, guid: 01a5cfd9c5f5fee48ac28e21ae0f96a6, type: 3}
      propertyPath: m_Pivot.y
      value: 0.5
      objectReference: {fileID: 0}
    - target: {fileID: 1505512435222538493, guid: 01a5cfd9c5f5fee48ac28e21ae0f96a6, type: 3}
      propertyPath: m_RootOrder
      value: 0
      objectReference: {fileID: 0}
    - target: {fileID: 1505512435222538493, guid: 01a5cfd9c5f5fee48ac28e21ae0f96a6, type: 3}
      propertyPath: m_AnchorMax.x
      value: 0.5
      objectReference: {fileID: 0}
    - target: {fileID: 1505512435222538493, guid: 01a5cfd9c5f5fee48ac28e21ae0f96a6, type: 3}
      propertyPath: m_AnchorMax.y
      value: 0.5
      objectReference: {fileID: 0}
    - target: {fileID: 1505512435222538493, guid: 01a5cfd9c5f5fee48ac28e21ae0f96a6, type: 3}
      propertyPath: m_AnchorMin.x
      value: 0.5
      objectReference: {fileID: 0}
    - target: {fileID: 1505512435222538493, guid: 01a5cfd9c5f5fee48ac28e21ae0f96a6, type: 3}
      propertyPath: m_AnchorMin.y
      value: 0.5
      objectReference: {fileID: 0}
    - target: {fileID: 1505512435222538493, guid: 01a5cfd9c5f5fee48ac28e21ae0f96a6, type: 3}
      propertyPath: m_SizeDelta.x
      value: 350
      objectReference: {fileID: 0}
    - target: {fileID: 1505512435222538493, guid: 01a5cfd9c5f5fee48ac28e21ae0f96a6, type: 3}
      propertyPath: m_SizeDelta.y
      value: 565
      objectReference: {fileID: 0}
    - target: {fileID: 1505512435222538493, guid: 01a5cfd9c5f5fee48ac28e21ae0f96a6, type: 3}
      propertyPath: m_LocalPosition.x
      value: 0
      objectReference: {fileID: 0}
    - target: {fileID: 1505512435222538493, guid: 01a5cfd9c5f5fee48ac28e21ae0f96a6, type: 3}
      propertyPath: m_LocalPosition.y
      value: 0
      objectReference: {fileID: 0}
    - target: {fileID: 1505512435222538493, guid: 01a5cfd9c5f5fee48ac28e21ae0f96a6, type: 3}
      propertyPath: m_LocalPosition.z
      value: 0
      objectReference: {fileID: 0}
    - target: {fileID: 1505512435222538493, guid: 01a5cfd9c5f5fee48ac28e21ae0f96a6, type: 3}
      propertyPath: m_LocalRotation.w
      value: 1
      objectReference: {fileID: 0}
    - target: {fileID: 1505512435222538493, guid: 01a5cfd9c5f5fee48ac28e21ae0f96a6, type: 3}
      propertyPath: m_LocalRotation.x
      value: 0
      objectReference: {fileID: 0}
    - target: {fileID: 1505512435222538493, guid: 01a5cfd9c5f5fee48ac28e21ae0f96a6, type: 3}
      propertyPath: m_LocalRotation.y
      value: 0
      objectReference: {fileID: 0}
    - target: {fileID: 1505512435222538493, guid: 01a5cfd9c5f5fee48ac28e21ae0f96a6, type: 3}
      propertyPath: m_LocalRotation.z
      value: 0
      objectReference: {fileID: 0}
    - target: {fileID: 1505512435222538493, guid: 01a5cfd9c5f5fee48ac28e21ae0f96a6, type: 3}
      propertyPath: m_AnchoredPosition.x
      value: -721.76385
      objectReference: {fileID: 0}
    - target: {fileID: 1505512435222538493, guid: 01a5cfd9c5f5fee48ac28e21ae0f96a6, type: 3}
      propertyPath: m_AnchoredPosition.y
      value: -450.94525
      objectReference: {fileID: 0}
    - target: {fileID: 1505512435222538493, guid: 01a5cfd9c5f5fee48ac28e21ae0f96a6, type: 3}
      propertyPath: m_LocalEulerAnglesHint.x
      value: 0
      objectReference: {fileID: 0}
    - target: {fileID: 1505512435222538493, guid: 01a5cfd9c5f5fee48ac28e21ae0f96a6, type: 3}
      propertyPath: m_LocalEulerAnglesHint.y
      value: 0
      objectReference: {fileID: 0}
    - target: {fileID: 1505512435222538493, guid: 01a5cfd9c5f5fee48ac28e21ae0f96a6, type: 3}
      propertyPath: m_LocalEulerAnglesHint.z
      value: 0
      objectReference: {fileID: 0}
    - target: {fileID: 1825620053401059190, guid: 01a5cfd9c5f5fee48ac28e21ae0f96a6, type: 3}
      propertyPath: m_Name
      value: Bark Skin
      objectReference: {fileID: 0}
    - target: {fileID: 3013879647574217725, guid: 01a5cfd9c5f5fee48ac28e21ae0f96a6, type: 3}
      propertyPath: m_IsActive
      value: 1
      objectReference: {fileID: 0}
    - target: {fileID: 4773755738031724334, guid: 01a5cfd9c5f5fee48ac28e21ae0f96a6, type: 3}
      propertyPath: m_text
      value: Gain 2 Sturdy
      objectReference: {fileID: 0}
    - target: {fileID: 5492762237406177402, guid: 01a5cfd9c5f5fee48ac28e21ae0f96a6, type: 3}
      propertyPath: m_IsActive
      value: 1
      objectReference: {fileID: 0}
    - target: {fileID: 5503591332905977969, guid: 01a5cfd9c5f5fee48ac28e21ae0f96a6, type: 3}
      propertyPath: m_IsActive
      value: 1
      objectReference: {fileID: 0}
    - target: {fileID: 5738040564018228824, guid: 01a5cfd9c5f5fee48ac28e21ae0f96a6, type: 3}
      propertyPath: m_text
      value: bark skin
      objectReference: {fileID: 0}
    - target: {fileID: 6967712538645272515, guid: 01a5cfd9c5f5fee48ac28e21ae0f96a6, type: 3}
      propertyPath: m_text
      value: 'Consume 1  .. :

        Gain +1 Sturdy'
      objectReference: {fileID: 0}
    - target: {fileID: 7165398576805060419, guid: 01a5cfd9c5f5fee48ac28e21ae0f96a6, type: 3}
      propertyPath: m_IsActive
      value: 0
      objectReference: {fileID: 0}
    - target: {fileID: 8347260361168854084, guid: 01a5cfd9c5f5fee48ac28e21ae0f96a6, type: 3}
      propertyPath: faceUp
      value: 
      objectReference: {fileID: 8828676837868918633}
    - target: {fileID: 8347260361168854084, guid: 01a5cfd9c5f5fee48ac28e21ae0f96a6, type: 3}
      propertyPath: faceDown
      value: 
      objectReference: {fileID: 7393390264913341605}
    - target: {fileID: 8347260361168854084, guid: 01a5cfd9c5f5fee48ac28e21ae0f96a6, type: 3}
      propertyPath: card_name
      value: Bark Skin
      objectReference: {fileID: 0}
    - target: {fileID: 8347260361168854084, guid: 01a5cfd9c5f5fee48ac28e21ae0f96a6, type: 3}
      propertyPath: dragScript
      value: 
      objectReference: {fileID: 8996103420717457582}
    - target: {fileID: 8347260361168854084, guid: 01a5cfd9c5f5fee48ac28e21ae0f96a6, type: 3}
      propertyPath: sound_name
      value: Barkskin
      objectReference: {fileID: 0}
    - target: {fileID: 8347260361168854084, guid: 01a5cfd9c5f5fee48ac28e21ae0f96a6, type: 3}
      propertyPath: targetType
      value: 5
      objectReference: {fileID: 0}
    - target: {fileID: 8347260361168854084, guid: 01a5cfd9c5f5fee48ac28e21ae0f96a6, type: 3}
      propertyPath: defaultCost
      value: 1
      objectReference: {fileID: 0}
    - target: {fileID: 8347260361168854084, guid: 01a5cfd9c5f5fee48ac28e21ae0f96a6, type: 3}
      propertyPath: effects.Array.size
      value: 1
      objectReference: {fileID: 0}
    - target: {fileID: 8347260361168854084, guid: 01a5cfd9c5f5fee48ac28e21ae0f96a6, type: 3}
      propertyPath: energy_requirement
      value: 2
      objectReference: {fileID: 0}
    - target: {fileID: 8347260361168854084, guid: 01a5cfd9c5f5fee48ac28e21ae0f96a6, type: 3}
      propertyPath: energy_type_required
      value: 4
      objectReference: {fileID: 0}
    - target: {fileID: 8347260361168854084, guid: 01a5cfd9c5f5fee48ac28e21ae0f96a6, type: 3}
      propertyPath: visual_effect_prefab
      value: 
      objectReference: {fileID: 3123034477758616712, guid: 5f38bd30810704f4cbbd145e106dc540, type: 3}
    - target: {fileID: 8347260361168854084, guid: 01a5cfd9c5f5fee48ac28e21ae0f96a6, type: 3}
      propertyPath: effects.Array.data[0]
      value: 
      objectReference: {fileID: 5480999411543497884}
    - target: {fileID: 8347260361168854084, guid: 01a5cfd9c5f5fee48ac28e21ae0f96a6, type: 3}
      propertyPath: energy_amount_consumed
      value: 1
      objectReference: {fileID: 0}
    - target: {fileID: 8347260361168854084, guid: 01a5cfd9c5f5fee48ac28e21ae0f96a6, type: 3}
      propertyPath: energy_effects.Array.size
      value: 2
      objectReference: {fileID: 0}
    - target: {fileID: 8347260361168854084, guid: 01a5cfd9c5f5fee48ac28e21ae0f96a6, type: 3}
      propertyPath: energy_effects.Array.data[0]
      value: 
      objectReference: {fileID: 4820291268976025727}
    - target: {fileID: 8347260361168854084, guid: 01a5cfd9c5f5fee48ac28e21ae0f96a6, type: 3}
      propertyPath: energy_effects.Array.data[1]
      value: 
      objectReference: {fileID: 549059032657510664}
    m_RemovedComponents: []
  m_SourcePrefab: {fileID: 100100000, guid: 01a5cfd9c5f5fee48ac28e21ae0f96a6, type: 3}
--- !u!1 &2925897343474346101 stripped
GameObject:
  m_CorrespondingSourceObject: {fileID: 1825620053401059190, guid: 01a5cfd9c5f5fee48ac28e21ae0f96a6, type: 3}
  m_PrefabInstance: {fileID: 3589096110964119299}
  m_PrefabAsset: {fileID: 0}
--- !u!114 &8996103420717457582 stripped
MonoBehaviour:
  m_CorrespondingSourceObject: {fileID: 5555070845300963245, guid: 01a5cfd9c5f5fee48ac28e21ae0f96a6, type: 3}
  m_PrefabInstance: {fileID: 3589096110964119299}
  m_PrefabAsset: {fileID: 0}
  m_GameObject: {fileID: 2925897343474346101}
  m_Enabled: 1
  m_EditorHideFlags: 0
  m_Script: {fileID: 11500000, guid: 6dfa9018010d78141ba43c0b37de107e, type: 3}
  m_Name: 
  m_EditorClassIdentifier: 
--- !u!1 &7393390264913341605 stripped
GameObject:
  m_CorrespondingSourceObject: {fileID: 6293110479640148902, guid: 01a5cfd9c5f5fee48ac28e21ae0f96a6, type: 3}
  m_PrefabInstance: {fileID: 3589096110964119299}
  m_PrefabAsset: {fileID: 0}
--- !u!1 &8828676837868918633 stripped
GameObject:
  m_CorrespondingSourceObject: {fileID: 5425365491258867818, guid: 01a5cfd9c5f5fee48ac28e21ae0f96a6, type: 3}
  m_PrefabInstance: {fileID: 3589096110964119299}
  m_PrefabAsset: {fileID: 0}
--- !u!224 &5403106385715755806 stripped
RectTransform:
  m_CorrespondingSourceObject: {fileID: 8877922268726684701, guid: 01a5cfd9c5f5fee48ac28e21ae0f96a6, type: 3}
  m_PrefabInstance: {fileID: 3589096110964119299}
  m_PrefabAsset: {fileID: 0}
