%YAML 1.1
%TAG !u! tag:unity3d.com,2011:
--- !u!114 &512874140884779677
MonoBehaviour:
  m_ObjectHideFlags: 0
  m_CorrespondingSourceObject: {fileID: 0}
  m_PrefabInstance: {fileID: 0}
  m_PrefabAsset: {fileID: 0}
  m_GameObject: {fileID: 1875626842456964912}
  m_Enabled: 1
  m_EditorHideFlags: 0
  m_Script: {fileID: 11500000, guid: e0858ae98bd1aa0468115cb3a5573ddc, type: 3}
  m_Name: 
  m_EditorClassIdentifier: 
  effect_token: {fileID: 0}
  tooltip_prefab: {fileID: 0}
  force_target_self: 0
  effect_amount: 1
  use_ap_cost_for_amount: 0
  isEndTurnEffect: 0
--- !u!114 &3620262870842092316
MonoBehaviour:
  m_ObjectHideFlags: 0
  m_CorrespondingSourceObject: {fileID: 0}
  m_PrefabInstance: {fileID: 0}
  m_PrefabAsset: {fileID: 0}
  m_GameObject: {fileID: 1875626842456964912}
  m_Enabled: 1
  m_EditorHideFlags: 0
  m_Script: {fileID: 11500000, guid: e0858ae98bd1aa0468115cb3a5573ddc, type: 3}
  m_Name: 
  m_EditorClassIdentifier: 
  effect_token: {fileID: 0}
  tooltip_prefab: {fileID: 0}
  force_target_self: 0
  effect_amount: 1
  use_ap_cost_for_amount: 0
  isEndTurnEffect: 0
--- !u!114 &6276768123464462231
MonoBehaviour:
  m_ObjectHideFlags: 0
  m_CorrespondingSourceObject: {fileID: 0}
  m_PrefabInstance: {fileID: 0}
  m_PrefabAsset: {fileID: 0}
  m_GameObject: {fileID: 1875626842456964912}
  m_Enabled: 1
  m_EditorHideFlags: 0
  m_Script: {fileID: 11500000, guid: 3295d0991f8d7f145a8ec8735356129e, type: 3}
  m_Name: 
  m_EditorClassIdentifier: 
  effect_token: {fileID: 0}
  tooltip_prefab: {fileID: 0}
  force_target_self: 0
  effect_amount: 1
  use_ap_cost_for_amount: 0
  isEndTurnEffect: 0
--- !u!1 &370005450589424683
GameObject:
  m_ObjectHideFlags: 0
  m_CorrespondingSourceObject: {fileID: 0}
  m_PrefabInstance: {fileID: 0}
  m_PrefabAsset: {fileID: 0}
  serializedVersion: 6
  m_Component:
  - component: {fileID: 5252095769712593634}
  - component: {fileID: 653419286356449916}
  - component: {fileID: 6166046565501270244}
  m_Layer: 5
  m_Name: Card Art (1)
  m_TagString: Untagged
  m_Icon: {fileID: 0}
  m_NavMeshLayer: 0
  m_StaticEditorFlags: 0
  m_IsActive: 1
--- !u!224 &5252095769712593634
RectTransform:
  m_ObjectHideFlags: 0
  m_CorrespondingSourceObject: {fileID: 0}
  m_PrefabInstance: {fileID: 0}
  m_PrefabAsset: {fileID: 0}
  m_GameObject: {fileID: 370005450589424683}
  m_LocalRotation: {x: -0, y: -0, z: -0, w: 1}
  m_LocalPosition: {x: 0, y: 0, z: 0}
  m_LocalScale: {x: 1, y: 1, z: 1}
  m_Children: []
  m_Father: {fileID: 8675833030623030363}
  m_RootOrder: 11
  m_LocalEulerAnglesHint: {x: 0, y: 0, z: 0}
  m_AnchorMin: {x: 0.5, y: 0.5}
  m_AnchorMax: {x: 0.5, y: 0.5}
  m_AnchoredPosition: {x: 67.9, y: -174.1}
  m_SizeDelta: {x: 32.016, y: 32.016}
  m_Pivot: {x: 0.50000006, y: 0.49999994}
--- !u!222 &653419286356449916
CanvasRenderer:
  m_ObjectHideFlags: 0
  m_CorrespondingSourceObject: {fileID: 0}
  m_PrefabInstance: {fileID: 0}
  m_PrefabAsset: {fileID: 0}
  m_GameObject: {fileID: 370005450589424683}
  m_CullTransparentMesh: 1
--- !u!114 &6166046565501270244
MonoBehaviour:
  m_ObjectHideFlags: 0
  m_CorrespondingSourceObject: {fileID: 0}
  m_PrefabInstance: {fileID: 0}
  m_PrefabAsset: {fileID: 0}
  m_GameObject: {fileID: 370005450589424683}
  m_Enabled: 1
  m_EditorHideFlags: 0
  m_Script: {fileID: 11500000, guid: fe87c0e1cc204ed48ad3b37840f39efc, type: 3}
  m_Name: 
  m_EditorClassIdentifier: 
  m_Material: {fileID: 0}
  m_Color: {r: 1, g: 1, b: 1, a: 1}
  m_RaycastTarget: 1
  m_RaycastPadding: {x: 0, y: 0, z: 0, w: 0}
  m_Maskable: 1
  m_OnCullStateChanged:
    m_PersistentCalls:
      m_Calls: []
  m_Sprite: {fileID: 21300000, guid: 7b4326eb6294243f6ad1591934703a47, type: 3}
  m_Type: 0
  m_PreserveAspect: 0
  m_FillCenter: 1
  m_FillMethod: 4
  m_FillAmount: 1
  m_FillClockwise: 1
  m_FillOrigin: 0
  m_UseSpriteMesh: 0
  m_PixelsPerUnitMultiplier: 1
--- !u!1 &1375994133915033616
GameObject:
  m_ObjectHideFlags: 0
  m_CorrespondingSourceObject: {fileID: 0}
  m_PrefabInstance: {fileID: 0}
  m_PrefabAsset: {fileID: 0}
  serializedVersion: 6
  m_Component:
  - component: {fileID: 2577767924604669900}
  - component: {fileID: 4909051715640892018}
  - component: {fileID: 4434745821341881030}
  m_Layer: 5
  m_Name: Image (1)
  m_TagString: Untagged
  m_Icon: {fileID: 0}
  m_NavMeshLayer: 0
  m_StaticEditorFlags: 0
  m_IsActive: 1
--- !u!224 &2577767924604669900
RectTransform:
  m_ObjectHideFlags: 0
  m_CorrespondingSourceObject: {fileID: 0}
  m_PrefabInstance: {fileID: 0}
  m_PrefabAsset: {fileID: 0}
  m_GameObject: {fileID: 1375994133915033616}
  m_LocalRotation: {x: -0, y: -0, z: -0, w: 1}
  m_LocalPosition: {x: 0, y: 0, z: 0}
  m_LocalScale: {x: 0.40000004, y: 0.40000004, z: 1}
  m_Children: []
  m_Father: {fileID: 8675833030623030363}
  m_RootOrder: 13
  m_LocalEulerAnglesHint: {x: 0, y: 0, z: 0}
  m_AnchorMin: {x: 0.5, y: 0.5}
  m_AnchorMax: {x: 0.5, y: 0.5}
  m_AnchoredPosition: {x: 55.2, y: -207.1}
  m_SizeDelta: {x: 100, y: 100}
  m_Pivot: {x: 0.5, y: 0.5}
--- !u!222 &4909051715640892018
CanvasRenderer:
  m_ObjectHideFlags: 0
  m_CorrespondingSourceObject: {fileID: 0}
  m_PrefabInstance: {fileID: 0}
  m_PrefabAsset: {fileID: 0}
  m_GameObject: {fileID: 1375994133915033616}
  m_CullTransparentMesh: 1
--- !u!114 &4434745821341881030
MonoBehaviour:
  m_ObjectHideFlags: 0
  m_CorrespondingSourceObject: {fileID: 0}
  m_PrefabInstance: {fileID: 0}
  m_PrefabAsset: {fileID: 0}
  m_GameObject: {fileID: 1375994133915033616}
  m_Enabled: 1
  m_EditorHideFlags: 0
  m_Script: {fileID: 11500000, guid: fe87c0e1cc204ed48ad3b37840f39efc, type: 3}
  m_Name: 
  m_EditorClassIdentifier: 
  m_Material: {fileID: 0}
  m_Color: {r: 1, g: 1, b: 1, a: 1}
  m_RaycastTarget: 1
  m_RaycastPadding: {x: 0, y: 0, z: 0, w: 0}
  m_Maskable: 1
  m_OnCullStateChanged:
    m_PersistentCalls:
      m_Calls: []
  m_Sprite: {fileID: 21300000, guid: cf85ab3e4a95f4da497daf5f53a86ac4, type: 3}
  m_Type: 0
  m_PreserveAspect: 0
  m_FillCenter: 1
  m_FillMethod: 4
  m_FillAmount: 1
  m_FillClockwise: 1
  m_FillOrigin: 0
  m_UseSpriteMesh: 0
  m_PixelsPerUnitMultiplier: 1
--- !u!1 &7800776809983825099
GameObject:
  m_ObjectHideFlags: 0
  m_CorrespondingSourceObject: {fileID: 0}
  m_PrefabInstance: {fileID: 0}
  m_PrefabAsset: {fileID: 0}
  serializedVersion: 6
  m_Component:
  - component: {fileID: 3073488141291462520}
  - component: {fileID: 5820397507489641710}
  - component: {fileID: 7962377499364141265}
  m_Layer: 5
  m_Name: Image
  m_TagString: Untagged
  m_Icon: {fileID: 0}
  m_NavMeshLayer: 0
  m_StaticEditorFlags: 0
  m_IsActive: 1
--- !u!224 &3073488141291462520
RectTransform:
  m_ObjectHideFlags: 0
  m_CorrespondingSourceObject: {fileID: 0}
  m_PrefabInstance: {fileID: 0}
  m_PrefabAsset: {fileID: 0}
  m_GameObject: {fileID: 7800776809983825099}
  m_LocalRotation: {x: -0, y: -0, z: -0, w: 1}
  m_LocalPosition: {x: 0, y: 0, z: 0}
  m_LocalScale: {x: 0.40000004, y: 0.40000004, z: 1}
  m_Children: []
  m_Father: {fileID: 8675833030623030363}
  m_RootOrder: 12
  m_LocalEulerAnglesHint: {x: 0, y: 0, z: 0}
  m_AnchorMin: {x: 0.5, y: 0.5}
  m_AnchorMax: {x: 0.5, y: 0.5}
  m_AnchoredPosition: {x: 50.6, y: -116.8}
  m_SizeDelta: {x: 100, y: 100}
  m_Pivot: {x: 0.5, y: 0.5}
--- !u!222 &5820397507489641710
CanvasRenderer:
  m_ObjectHideFlags: 0
  m_CorrespondingSourceObject: {fileID: 0}
  m_PrefabInstance: {fileID: 0}
  m_PrefabAsset: {fileID: 0}
  m_GameObject: {fileID: 7800776809983825099}
  m_CullTransparentMesh: 1
--- !u!114 &7962377499364141265
MonoBehaviour:
  m_ObjectHideFlags: 0
  m_CorrespondingSourceObject: {fileID: 0}
  m_PrefabInstance: {fileID: 0}
  m_PrefabAsset: {fileID: 0}
  m_GameObject: {fileID: 7800776809983825099}
  m_Enabled: 1
  m_EditorHideFlags: 0
  m_Script: {fileID: 11500000, guid: fe87c0e1cc204ed48ad3b37840f39efc, type: 3}
  m_Name: 
  m_EditorClassIdentifier: 
  m_Material: {fileID: 0}
  m_Color: {r: 1, g: 1, b: 1, a: 1}
  m_RaycastTarget: 1
  m_RaycastPadding: {x: 0, y: 0, z: 0, w: 0}
  m_Maskable: 1
  m_OnCullStateChanged:
    m_PersistentCalls:
      m_Calls: []
  m_Sprite: {fileID: 21300000, guid: cf85ab3e4a95f4da497daf5f53a86ac4, type: 3}
  m_Type: 0
  m_PreserveAspect: 0
  m_FillCenter: 1
  m_FillMethod: 4
  m_FillAmount: 1
  m_FillClockwise: 1
  m_FillOrigin: 0
  m_UseSpriteMesh: 0
  m_PixelsPerUnitMultiplier: 1
--- !u!1001 &239385022557651014
PrefabInstance:
  m_ObjectHideFlags: 0
  serializedVersion: 2
  m_Modification:
    m_TransformParent: {fileID: 0}
    m_Modifications:
    - target: {fileID: 962863754632246191, guid: 01a5cfd9c5f5fee48ac28e21ae0f96a6, type: 3}
      propertyPath: m_text
      value: Self
      objectReference: {fileID: 0}
    - target: {fileID: 1434971191278885632, guid: 01a5cfd9c5f5fee48ac28e21ae0f96a6, type: 3}
      propertyPath: m_Sprite
      value: 
      objectReference: {fileID: 21300000, guid: c2a92012ba0ffc94c8da38f1cdea9795, type: 3}
    - target: {fileID: 1505512435222538493, guid: 01a5cfd9c5f5fee48ac28e21ae0f96a6, type: 3}
      propertyPath: m_Pivot.x
      value: 0.5
      objectReference: {fileID: 0}
    - target: {fileID: 1505512435222538493, guid: 01a5cfd9c5f5fee48ac28e21ae0f96a6, type: 3}
      propertyPath: m_Pivot.y
      value: 0.5
      objectReference: {fileID: 0}
    - target: {fileID: 1505512435222538493, guid: 01a5cfd9c5f5fee48ac28e21ae0f96a6, type: 3}
      propertyPath: m_RootOrder
      value: 0
      objectReference: {fileID: 0}
    - target: {fileID: 1505512435222538493, guid: 01a5cfd9c5f5fee48ac28e21ae0f96a6, type: 3}
      propertyPath: m_AnchorMax.x
      value: 0.5
      objectReference: {fileID: 0}
    - target: {fileID: 1505512435222538493, guid: 01a5cfd9c5f5fee48ac28e21ae0f96a6, type: 3}
      propertyPath: m_AnchorMax.y
      value: 0.5
      objectReference: {fileID: 0}
    - target: {fileID: 1505512435222538493, guid: 01a5cfd9c5f5fee48ac28e21ae0f96a6, type: 3}
      propertyPath: m_AnchorMin.x
      value: 0.5
      objectReference: {fileID: 0}
    - target: {fileID: 1505512435222538493, guid: 01a5cfd9c5f5fee48ac28e21ae0f96a6, type: 3}
      propertyPath: m_AnchorMin.y
      value: 0.5
      objectReference: {fileID: 0}
    - target: {fileID: 1505512435222538493, guid: 01a5cfd9c5f5fee48ac28e21ae0f96a6, type: 3}
      propertyPath: m_SizeDelta.x
      value: 350
      objectReference: {fileID: 0}
    - target: {fileID: 1505512435222538493, guid: 01a5cfd9c5f5fee48ac28e21ae0f96a6, type: 3}
      propertyPath: m_SizeDelta.y
      value: 565
      objectReference: {fileID: 0}
    - target: {fileID: 1505512435222538493, guid: 01a5cfd9c5f5fee48ac28e21ae0f96a6, type: 3}
      propertyPath: m_LocalPosition.x
      value: 0
      objectReference: {fileID: 0}
    - target: {fileID: 1505512435222538493, guid: 01a5cfd9c5f5fee48ac28e21ae0f96a6, type: 3}
      propertyPath: m_LocalPosition.y
      value: 0
      objectReference: {fileID: 0}
    - target: {fileID: 1505512435222538493, guid: 01a5cfd9c5f5fee48ac28e21ae0f96a6, type: 3}
      propertyPath: m_LocalPosition.z
      value: 0
      objectReference: {fileID: 0}
    - target: {fileID: 1505512435222538493, guid: 01a5cfd9c5f5fee48ac28e21ae0f96a6, type: 3}
      propertyPath: m_LocalRotation.w
      value: 1
      objectReference: {fileID: 0}
    - target: {fileID: 1505512435222538493, guid: 01a5cfd9c5f5fee48ac28e21ae0f96a6, type: 3}
      propertyPath: m_LocalRotation.x
      value: 0
      objectReference: {fileID: 0}
    - target: {fileID: 1505512435222538493, guid: 01a5cfd9c5f5fee48ac28e21ae0f96a6, type: 3}
      propertyPath: m_LocalRotation.y
      value: 0
      objectReference: {fileID: 0}
    - target: {fileID: 1505512435222538493, guid: 01a5cfd9c5f5fee48ac28e21ae0f96a6, type: 3}
      propertyPath: m_LocalRotation.z
      value: 0
      objectReference: {fileID: 0}
    - target: {fileID: 1505512435222538493, guid: 01a5cfd9c5f5fee48ac28e21ae0f96a6, type: 3}
      propertyPath: m_AnchoredPosition.x
      value: -722.3463
      objectReference: {fileID: 0}
    - target: {fileID: 1505512435222538493, guid: 01a5cfd9c5f5fee48ac28e21ae0f96a6, type: 3}
      propertyPath: m_AnchoredPosition.y
      value: -474.82513
      objectReference: {fileID: 0}
    - target: {fileID: 1505512435222538493, guid: 01a5cfd9c5f5fee48ac28e21ae0f96a6, type: 3}
      propertyPath: m_LocalEulerAnglesHint.x
      value: 0
      objectReference: {fileID: 0}
    - target: {fileID: 1505512435222538493, guid: 01a5cfd9c5f5fee48ac28e21ae0f96a6, type: 3}
      propertyPath: m_LocalEulerAnglesHint.y
      value: 0
      objectReference: {fileID: 0}
    - target: {fileID: 1505512435222538493, guid: 01a5cfd9c5f5fee48ac28e21ae0f96a6, type: 3}
      propertyPath: m_LocalEulerAnglesHint.z
      value: 0
      objectReference: {fileID: 0}
    - target: {fileID: 1825620053401059190, guid: 01a5cfd9c5f5fee48ac28e21ae0f96a6, type: 3}
      propertyPath: m_Name
      value: Innervation
      objectReference: {fileID: 0}
    - target: {fileID: 2103095966957491182, guid: 01a5cfd9c5f5fee48ac28e21ae0f96a6, type: 3}
      propertyPath: m_text
      value: 'Gain 1 AP

        Consume 1 Water: Gain 1 more AP'
      objectReference: {fileID: 0}
    - target: {fileID: 2103095966957491182, guid: 01a5cfd9c5f5fee48ac28e21ae0f96a6, type: 3}
      propertyPath: m_fontSize
      value: 28
      objectReference: {fileID: 0}
    - target: {fileID: 2103095966957491182, guid: 01a5cfd9c5f5fee48ac28e21ae0f96a6, type: 3}
      propertyPath: m_fontSizeBase
      value: 28
      objectReference: {fileID: 0}
    - target: {fileID: 3013879647574217725, guid: 01a5cfd9c5f5fee48ac28e21ae0f96a6, type: 3}
      propertyPath: m_IsActive
      value: 1
      objectReference: {fileID: 0}
    - target: {fileID: 4773755738031724334, guid: 01a5cfd9c5f5fee48ac28e21ae0f96a6, type: 3}
      propertyPath: m_text
      value: Gain 1 ..
      objectReference: {fileID: 0}
    - target: {fileID: 5492762237406177402, guid: 01a5cfd9c5f5fee48ac28e21ae0f96a6, type: 3}
      propertyPath: m_IsActive
      value: 1
      objectReference: {fileID: 0}
    - target: {fileID: 5503591332905977969, guid: 01a5cfd9c5f5fee48ac28e21ae0f96a6, type: 3}
      propertyPath: m_IsActive
      value: 1
      objectReference: {fileID: 0}
    - target: {fileID: 5738040564018228824, guid: 01a5cfd9c5f5fee48ac28e21ae0f96a6, type: 3}
      propertyPath: m_text
      value: Innervation
      objectReference: {fileID: 0}
    - target: {fileID: 5738040564018228824, guid: 01a5cfd9c5f5fee48ac28e21ae0f96a6, type: 3}
      propertyPath: m_fontAsset
      value: 
      objectReference: {fileID: 11400000, guid: e07c239028ff945bbbc60132d3487562, type: 2}
    - target: {fileID: 5738040564018228824, guid: 01a5cfd9c5f5fee48ac28e21ae0f96a6, type: 3}
      propertyPath: m_fontStyle
      value: 0
      objectReference: {fileID: 0}
    - target: {fileID: 5738040564018228824, guid: 01a5cfd9c5f5fee48ac28e21ae0f96a6, type: 3}
      propertyPath: m_sharedMaterial
      value: 
      objectReference: {fileID: -6682764351746035195, guid: e07c239028ff945bbbc60132d3487562, type: 2}
    - target: {fileID: 6967712538645272515, guid: 01a5cfd9c5f5fee48ac28e21ae0f96a6, type: 3}
      propertyPath: m_text
      value: "Consume 1  .. : \nGain +1 .."
      objectReference: {fileID: 0}
    - target: {fileID: 7165398576805060419, guid: 01a5cfd9c5f5fee48ac28e21ae0f96a6, type: 3}
      propertyPath: m_IsActive
      value: 0
      objectReference: {fileID: 0}
    - target: {fileID: 8347260361168854084, guid: 01a5cfd9c5f5fee48ac28e21ae0f96a6, type: 3}
      propertyPath: card_name
      value: Innervation
      objectReference: {fileID: 0}
    - target: {fileID: 8347260361168854084, guid: 01a5cfd9c5f5fee48ac28e21ae0f96a6, type: 3}
      propertyPath: sound_name
      value: Shields
      objectReference: {fileID: 0}
    - target: {fileID: 8347260361168854084, guid: 01a5cfd9c5f5fee48ac28e21ae0f96a6, type: 3}
      propertyPath: effects.Array.size
      value: 1
      objectReference: {fileID: 0}
    - target: {fileID: 8347260361168854084, guid: 01a5cfd9c5f5fee48ac28e21ae0f96a6, type: 3}
      propertyPath: energy_requirement
      value: 2
      objectReference: {fileID: 0}
    - target: {fileID: 8347260361168854084, guid: 01a5cfd9c5f5fee48ac28e21ae0f96a6, type: 3}
      propertyPath: energy_type_required
      value: 1
      objectReference: {fileID: 0}
    - target: {fileID: 8347260361168854084, guid: 01a5cfd9c5f5fee48ac28e21ae0f96a6, type: 3}
      propertyPath: visual_effect_prefab
      value: 
      objectReference: {fileID: 4498556954293849159, guid: d4a83624223804efaa6e1d4080146b16, type: 3}
    - target: {fileID: 8347260361168854084, guid: 01a5cfd9c5f5fee48ac28e21ae0f96a6, type: 3}
      propertyPath: effects.Array.data[0]
      value: 
      objectReference: {fileID: 3620262870842092316}
    - target: {fileID: 8347260361168854084, guid: 01a5cfd9c5f5fee48ac28e21ae0f96a6, type: 3}
      propertyPath: energy_amount_consumed
      value: 1
      objectReference: {fileID: 0}
    - target: {fileID: 8347260361168854084, guid: 01a5cfd9c5f5fee48ac28e21ae0f96a6, type: 3}
      propertyPath: energy_effects.Array.size
      value: 3
      objectReference: {fileID: 0}
    - target: {fileID: 8347260361168854084, guid: 01a5cfd9c5f5fee48ac28e21ae0f96a6, type: 3}
      propertyPath: energy_effects.Array.data[0]
      value: 
      objectReference: {fileID: 3620262870842092316}
    - target: {fileID: 8347260361168854084, guid: 01a5cfd9c5f5fee48ac28e21ae0f96a6, type: 3}
      propertyPath: energy_effects.Array.data[1]
      value: 
      objectReference: {fileID: 6276768123464462231}
    - target: {fileID: 8347260361168854084, guid: 01a5cfd9c5f5fee48ac28e21ae0f96a6, type: 3}
      propertyPath: energy_effects.Array.data[2]
      value: 
      objectReference: {fileID: 512874140884779677}
    m_RemovedComponents: []
  m_SourcePrefab: {fileID: 100100000, guid: 01a5cfd9c5f5fee48ac28e21ae0f96a6, type: 3}
--- !u!1 &1875626842456964912 stripped
GameObject:
  m_CorrespondingSourceObject: {fileID: 1825620053401059190, guid: 01a5cfd9c5f5fee48ac28e21ae0f96a6, type: 3}
  m_PrefabInstance: {fileID: 239385022557651014}
  m_PrefabAsset: {fileID: 0}
--- !u!224 &8675833030623030363 stripped
RectTransform:
  m_CorrespondingSourceObject: {fileID: 8877922268726684701, guid: 01a5cfd9c5f5fee48ac28e21ae0f96a6, type: 3}
  m_PrefabInstance: {fileID: 239385022557651014}
  m_PrefabAsset: {fileID: 0}
