%YAML 1.1
%TAG !u! tag:unity3d.com,2011:
--- !u!114 &39651658393594013
MonoBehaviour:
  m_ObjectHideFlags: 0
  m_CorrespondingSourceObject: {fileID: 0}
  m_PrefabInstance: {fileID: 0}
  m_PrefabAsset: {fileID: 0}
  m_GameObject: {fileID: 1079373907695691336}
  m_Enabled: 1
  m_EditorHideFlags: 0
  m_Script: {fileID: 11500000, guid: 900ffdf4f2f38e643bc5e0472dac844a, type: 3}
  m_Name: 
  m_EditorClassIdentifier: 
  effect_token: {fileID: 0}
  tooltip_prefab: {fileID: 0}
  force_target_self: 0
  effect_amount: 1
  use_ap_cost_for_amount: 0
  isEndTurnEffect: 0
--- !u!114 &4396317103385502838
MonoBehaviour:
  m_ObjectHideFlags: 0
  m_CorrespondingSourceObject: {fileID: 0}
  m_PrefabInstance: {fileID: 0}
  m_PrefabAsset: {fileID: 0}
  m_GameObject: {fileID: 1079373907695691336}
  m_Enabled: 1
  m_EditorHideFlags: 0
  m_Script: {fileID: 11500000, guid: 072226247b85ad34abbba5574efc71b1, type: 3}
  m_Name: 
  m_EditorClassIdentifier: 
  effect_token: {fileID: 0}
  tooltip_prefab: {fileID: 0}
  force_target_self: 0
  effect_amount: 4
  use_ap_cost_for_amount: 0
  isEndTurnEffect: 0
--- !u!114 &4923860752438810901
MonoBehaviour:
  m_ObjectHideFlags: 0
  m_CorrespondingSourceObject: {fileID: 0}
  m_PrefabInstance: {fileID: 0}
  m_PrefabAsset: {fileID: 0}
  m_GameObject: {fileID: 1079373907695691336}
  m_Enabled: 1
  m_EditorHideFlags: 0
  m_Script: {fileID: 11500000, guid: d9bf28d7102fe544db24fe6218533052, type: 3}
  m_Name: 
  m_EditorClassIdentifier: 
  effect_token: {fileID: 0}
  tooltip_prefab: {fileID: 0}
  force_target_self: 1
  effect_amount: 1
  use_ap_cost_for_amount: 0
  isEndTurnEffect: 0
  card_to_add: {fileID: 7417720282626047952, guid: cd4a65c3f8b24f44cbf1efc43b013c1e, type: 3}
--- !u!1 &3624659769801212296
GameObject:
  m_ObjectHideFlags: 0
  m_CorrespondingSourceObject: {fileID: 0}
  m_PrefabInstance: {fileID: 0}
  m_PrefabAsset: {fileID: 0}
  serializedVersion: 6
  m_Component:
  - component: {fileID: 8126684979681932182}
  - component: {fileID: 5648448636804604062}
  - component: {fileID: 1047369282037411732}
  m_Layer: 5
  m_Name: Card Art (1)
  m_TagString: Untagged
  m_Icon: {fileID: 0}
  m_NavMeshLayer: 0
  m_StaticEditorFlags: 0
  m_IsActive: 1
--- !u!224 &8126684979681932182
RectTransform:
  m_ObjectHideFlags: 0
  m_CorrespondingSourceObject: {fileID: 0}
  m_PrefabInstance: {fileID: 0}
  m_PrefabAsset: {fileID: 0}
  m_GameObject: {fileID: 3624659769801212296}
  m_LocalRotation: {x: -0, y: -0, z: -0, w: 1}
  m_LocalPosition: {x: 0, y: 0, z: 0}
  m_LocalScale: {x: 1, y: 1, z: 1}
  m_Children: []
  m_Father: {fileID: 7826099850926208291}
  m_RootOrder: 11
  m_LocalEulerAnglesHint: {x: 0, y: 0, z: 0}
  m_AnchorMin: {x: 0.5, y: 0.5}
  m_AnchorMax: {x: 0.5, y: 0.5}
  m_AnchoredPosition: {x: 60.8, y: -163.3}
  m_SizeDelta: {x: 32.016, y: 32.016}
  m_Pivot: {x: 0.50000006, y: 0.4999987}
--- !u!222 &5648448636804604062
CanvasRenderer:
  m_ObjectHideFlags: 0
  m_CorrespondingSourceObject: {fileID: 0}
  m_PrefabInstance: {fileID: 0}
  m_PrefabAsset: {fileID: 0}
  m_GameObject: {fileID: 3624659769801212296}
  m_CullTransparentMesh: 1
--- !u!114 &1047369282037411732
MonoBehaviour:
  m_ObjectHideFlags: 0
  m_CorrespondingSourceObject: {fileID: 0}
  m_PrefabInstance: {fileID: 0}
  m_PrefabAsset: {fileID: 0}
  m_GameObject: {fileID: 3624659769801212296}
  m_Enabled: 1
  m_EditorHideFlags: 0
  m_Script: {fileID: 11500000, guid: fe87c0e1cc204ed48ad3b37840f39efc, type: 3}
  m_Name: 
  m_EditorClassIdentifier: 
  m_Material: {fileID: 0}
  m_Color: {r: 1, g: 1, b: 1, a: 1}
  m_RaycastTarget: 1
  m_RaycastPadding: {x: 0, y: 0, z: 0, w: 0}
  m_Maskable: 1
  m_OnCullStateChanged:
    m_PersistentCalls:
      m_Calls: []
  m_Sprite: {fileID: 21300000, guid: d2946fe0fbee941b5baba23ea0295625, type: 3}
  m_Type: 0
  m_PreserveAspect: 0
  m_FillCenter: 1
  m_FillMethod: 4
  m_FillAmount: 1
  m_FillClockwise: 1
  m_FillOrigin: 0
  m_UseSpriteMesh: 0
  m_PixelsPerUnitMultiplier: 1
--- !u!1001 &1706674170865801534
PrefabInstance:
  m_ObjectHideFlags: 0
  serializedVersion: 2
  m_Modification:
    m_TransformParent: {fileID: 0}
    m_Modifications:
    - target: {fileID: 962863754632246191, guid: 01a5cfd9c5f5fee48ac28e21ae0f96a6, type: 3}
      propertyPath: m_text
      value: Enemy
      objectReference: {fileID: 0}
    - target: {fileID: 1434971191278885632, guid: 01a5cfd9c5f5fee48ac28e21ae0f96a6, type: 3}
      propertyPath: m_Sprite
      value: 
      objectReference: {fileID: 21300000, guid: 1e0a37de2322af94baa941b37beaa06d, type: 3}
    - target: {fileID: 1505512435222538493, guid: 01a5cfd9c5f5fee48ac28e21ae0f96a6, type: 3}
      propertyPath: m_Pivot.x
      value: 0.5
      objectReference: {fileID: 0}
    - target: {fileID: 1505512435222538493, guid: 01a5cfd9c5f5fee48ac28e21ae0f96a6, type: 3}
      propertyPath: m_Pivot.y
      value: 0.5
      objectReference: {fileID: 0}
    - target: {fileID: 1505512435222538493, guid: 01a5cfd9c5f5fee48ac28e21ae0f96a6, type: 3}
      propertyPath: m_RootOrder
      value: 0
      objectReference: {fileID: 0}
    - target: {fileID: 1505512435222538493, guid: 01a5cfd9c5f5fee48ac28e21ae0f96a6, type: 3}
      propertyPath: m_AnchorMax.x
      value: 0.5
      objectReference: {fileID: 0}
    - target: {fileID: 1505512435222538493, guid: 01a5cfd9c5f5fee48ac28e21ae0f96a6, type: 3}
      propertyPath: m_AnchorMax.y
      value: 0.5
      objectReference: {fileID: 0}
    - target: {fileID: 1505512435222538493, guid: 01a5cfd9c5f5fee48ac28e21ae0f96a6, type: 3}
      propertyPath: m_AnchorMin.x
      value: 0.5
      objectReference: {fileID: 0}
    - target: {fileID: 1505512435222538493, guid: 01a5cfd9c5f5fee48ac28e21ae0f96a6, type: 3}
      propertyPath: m_AnchorMin.y
      value: 0.5
      objectReference: {fileID: 0}
    - target: {fileID: 1505512435222538493, guid: 01a5cfd9c5f5fee48ac28e21ae0f96a6, type: 3}
      propertyPath: m_SizeDelta.x
      value: 350
      objectReference: {fileID: 0}
    - target: {fileID: 1505512435222538493, guid: 01a5cfd9c5f5fee48ac28e21ae0f96a6, type: 3}
      propertyPath: m_SizeDelta.y
      value: 565
      objectReference: {fileID: 0}
    - target: {fileID: 1505512435222538493, guid: 01a5cfd9c5f5fee48ac28e21ae0f96a6, type: 3}
      propertyPath: m_LocalPosition.x
      value: 0
      objectReference: {fileID: 0}
    - target: {fileID: 1505512435222538493, guid: 01a5cfd9c5f5fee48ac28e21ae0f96a6, type: 3}
      propertyPath: m_LocalPosition.y
      value: 0
      objectReference: {fileID: 0}
    - target: {fileID: 1505512435222538493, guid: 01a5cfd9c5f5fee48ac28e21ae0f96a6, type: 3}
      propertyPath: m_LocalPosition.z
      value: 0
      objectReference: {fileID: 0}
    - target: {fileID: 1505512435222538493, guid: 01a5cfd9c5f5fee48ac28e21ae0f96a6, type: 3}
      propertyPath: m_LocalRotation.w
      value: 1
      objectReference: {fileID: 0}
    - target: {fileID: 1505512435222538493, guid: 01a5cfd9c5f5fee48ac28e21ae0f96a6, type: 3}
      propertyPath: m_LocalRotation.x
      value: 0
      objectReference: {fileID: 0}
    - target: {fileID: 1505512435222538493, guid: 01a5cfd9c5f5fee48ac28e21ae0f96a6, type: 3}
      propertyPath: m_LocalRotation.y
      value: 0
      objectReference: {fileID: 0}
    - target: {fileID: 1505512435222538493, guid: 01a5cfd9c5f5fee48ac28e21ae0f96a6, type: 3}
      propertyPath: m_LocalRotation.z
      value: 0
      objectReference: {fileID: 0}
    - target: {fileID: 1505512435222538493, guid: 01a5cfd9c5f5fee48ac28e21ae0f96a6, type: 3}
      propertyPath: m_AnchoredPosition.x
      value: -722.3463
      objectReference: {fileID: 0}
    - target: {fileID: 1505512435222538493, guid: 01a5cfd9c5f5fee48ac28e21ae0f96a6, type: 3}
      propertyPath: m_AnchoredPosition.y
      value: -474.82513
      objectReference: {fileID: 0}
    - target: {fileID: 1505512435222538493, guid: 01a5cfd9c5f5fee48ac28e21ae0f96a6, type: 3}
      propertyPath: m_LocalEulerAnglesHint.x
      value: 0
      objectReference: {fileID: 0}
    - target: {fileID: 1505512435222538493, guid: 01a5cfd9c5f5fee48ac28e21ae0f96a6, type: 3}
      propertyPath: m_LocalEulerAnglesHint.y
      value: 0
      objectReference: {fileID: 0}
    - target: {fileID: 1505512435222538493, guid: 01a5cfd9c5f5fee48ac28e21ae0f96a6, type: 3}
      propertyPath: m_LocalEulerAnglesHint.z
      value: 0
      objectReference: {fileID: 0}
    - target: {fileID: 1825620053401059190, guid: 01a5cfd9c5f5fee48ac28e21ae0f96a6, type: 3}
      propertyPath: m_Name
      value: Swift Strike
      objectReference: {fileID: 0}
    - target: {fileID: 2103095966957491182, guid: 01a5cfd9c5f5fee48ac28e21ae0f96a6, type: 3}
      propertyPath: m_text
      value: 'Deal 4 Damage

        Consume 1 Wind: Add a copy of Swift Strike to
        your Deck'
      objectReference: {fileID: 0}
    - target: {fileID: 2103095966957491182, guid: 01a5cfd9c5f5fee48ac28e21ae0f96a6, type: 3}
      propertyPath: m_fontSize
      value: 28
      objectReference: {fileID: 0}
    - target: {fileID: 2103095966957491182, guid: 01a5cfd9c5f5fee48ac28e21ae0f96a6, type: 3}
      propertyPath: m_fontSizeBase
      value: 28
      objectReference: {fileID: 0}
    - target: {fileID: 2108529088654537126, guid: 01a5cfd9c5f5fee48ac28e21ae0f96a6, type: 3}
      propertyPath: m_SizeDelta.y
      value: 95.635
      objectReference: {fileID: 0}
    - target: {fileID: 2108529088654537126, guid: 01a5cfd9c5f5fee48ac28e21ae0f96a6, type: 3}
      propertyPath: m_AnchoredPosition.y
      value: -191.417
      objectReference: {fileID: 0}
    - target: {fileID: 3013879647574217725, guid: 01a5cfd9c5f5fee48ac28e21ae0f96a6, type: 3}
      propertyPath: m_IsActive
      value: 1
      objectReference: {fileID: 0}
    - target: {fileID: 4383076938211881525, guid: 01a5cfd9c5f5fee48ac28e21ae0f96a6, type: 3}
      propertyPath: m_Name
      value: Card Name
      objectReference: {fileID: 0}
    - target: {fileID: 4773755738031724334, guid: 01a5cfd9c5f5fee48ac28e21ae0f96a6, type: 3}
      propertyPath: m_text
      value: Deal 4 Damage
      objectReference: {fileID: 0}
    - target: {fileID: 5492762237406177402, guid: 01a5cfd9c5f5fee48ac28e21ae0f96a6, type: 3}
      propertyPath: m_IsActive
      value: 1
      objectReference: {fileID: 0}
    - target: {fileID: 5503591332905977969, guid: 01a5cfd9c5f5fee48ac28e21ae0f96a6, type: 3}
      propertyPath: m_IsActive
      value: 1
      objectReference: {fileID: 0}
    - target: {fileID: 5738040564018228824, guid: 01a5cfd9c5f5fee48ac28e21ae0f96a6, type: 3}
      propertyPath: m_text
      value: Swift Strike
      objectReference: {fileID: 0}
    - target: {fileID: 6967712538645272515, guid: 01a5cfd9c5f5fee48ac28e21ae0f96a6, type: 3}
      propertyPath: m_text
      value: "Consume 1   ..  : \nAdd +1 Swift Strike to your deck"
      objectReference: {fileID: 0}
    - target: {fileID: 6967712538645272515, guid: 01a5cfd9c5f5fee48ac28e21ae0f96a6, type: 3}
      propertyPath: m_fontSize
      value: 24
      objectReference: {fileID: 0}
    - target: {fileID: 6967712538645272515, guid: 01a5cfd9c5f5fee48ac28e21ae0f96a6, type: 3}
      propertyPath: m_lineSpacing
      value: -19
      objectReference: {fileID: 0}
    - target: {fileID: 6967712538645272515, guid: 01a5cfd9c5f5fee48ac28e21ae0f96a6, type: 3}
      propertyPath: m_fontSizeBase
      value: 24
      objectReference: {fileID: 0}
    - target: {fileID: 7165398576805060419, guid: 01a5cfd9c5f5fee48ac28e21ae0f96a6, type: 3}
      propertyPath: m_IsActive
      value: 0
      objectReference: {fileID: 0}
    - target: {fileID: 8347260361168854084, guid: 01a5cfd9c5f5fee48ac28e21ae0f96a6, type: 3}
      propertyPath: card_name
      value: Swift Strike
      objectReference: {fileID: 0}
    - target: {fileID: 8347260361168854084, guid: 01a5cfd9c5f5fee48ac28e21ae0f96a6, type: 3}
      propertyPath: sound_name
      value: SwiftStrikes
      objectReference: {fileID: 0}
    - target: {fileID: 8347260361168854084, guid: 01a5cfd9c5f5fee48ac28e21ae0f96a6, type: 3}
      propertyPath: targetType
      value: 6
      objectReference: {fileID: 0}
    - target: {fileID: 8347260361168854084, guid: 01a5cfd9c5f5fee48ac28e21ae0f96a6, type: 3}
      propertyPath: effects.Array.size
      value: 1
      objectReference: {fileID: 0}
    - target: {fileID: 8347260361168854084, guid: 01a5cfd9c5f5fee48ac28e21ae0f96a6, type: 3}
      propertyPath: energy_requirement
      value: 2
      objectReference: {fileID: 0}
    - target: {fileID: 8347260361168854084, guid: 01a5cfd9c5f5fee48ac28e21ae0f96a6, type: 3}
      propertyPath: energy_type_required
      value: 2
      objectReference: {fileID: 0}
    - target: {fileID: 8347260361168854084, guid: 01a5cfd9c5f5fee48ac28e21ae0f96a6, type: 3}
      propertyPath: visual_effect_prefab
      value: 
      objectReference: {fileID: 4402273261361793686, guid: e8babb0f790f14c5d9c840829516f84c, type: 3}
    - target: {fileID: 8347260361168854084, guid: 01a5cfd9c5f5fee48ac28e21ae0f96a6, type: 3}
      propertyPath: effects.Array.data[0]
      value: 
      objectReference: {fileID: 4396317103385502838}
    - target: {fileID: 8347260361168854084, guid: 01a5cfd9c5f5fee48ac28e21ae0f96a6, type: 3}
      propertyPath: energy_amount_consumed
      value: 1
      objectReference: {fileID: 0}
    - target: {fileID: 8347260361168854084, guid: 01a5cfd9c5f5fee48ac28e21ae0f96a6, type: 3}
      propertyPath: energy_effects.Array.size
      value: 3
      objectReference: {fileID: 0}
    - target: {fileID: 8347260361168854084, guid: 01a5cfd9c5f5fee48ac28e21ae0f96a6, type: 3}
      propertyPath: energy_effects.Array.data[0]
      value: 
      objectReference: {fileID: 4396317103385502838}
    - target: {fileID: 8347260361168854084, guid: 01a5cfd9c5f5fee48ac28e21ae0f96a6, type: 3}
      propertyPath: energy_effects.Array.data[1]
      value: 
      objectReference: {fileID: 39651658393594013}
    - target: {fileID: 8347260361168854084, guid: 01a5cfd9c5f5fee48ac28e21ae0f96a6, type: 3}
      propertyPath: energy_effects.Array.data[2]
      value: 
      objectReference: {fileID: 4923860752438810901}
    - target: {fileID: 8347260361168854084, guid: 01a5cfd9c5f5fee48ac28e21ae0f96a6, type: 3}
      propertyPath: energy_effects.Array.data[3]
      value: 
      objectReference: {fileID: 0}
    m_RemovedComponents: []
  m_SourcePrefab: {fileID: 100100000, guid: 01a5cfd9c5f5fee48ac28e21ae0f96a6, type: 3}
--- !u!1 &1079373907695691336 stripped
GameObject:
  m_CorrespondingSourceObject: {fileID: 1825620053401059190, guid: 01a5cfd9c5f5fee48ac28e21ae0f96a6, type: 3}
  m_PrefabInstance: {fileID: 1706674170865801534}
  m_PrefabAsset: {fileID: 0}
--- !u!224 &7826099850926208291 stripped
RectTransform:
  m_CorrespondingSourceObject: {fileID: 8877922268726684701, guid: 01a5cfd9c5f5fee48ac28e21ae0f96a6, type: 3}
  m_PrefabInstance: {fileID: 1706674170865801534}
  m_PrefabAsset: {fileID: 0}
