%YAML 1.1
%TAG !u! tag:unity3d.com,2011:
--- !u!114 &2636419136417525166
MonoBehaviour:
  m_ObjectHideFlags: 0
  m_CorrespondingSourceObject: {fileID: 0}
  m_PrefabInstance: {fileID: 0}
  m_PrefabAsset: {fileID: 0}
  m_GameObject: {fileID: 1298158397814613261}
  m_Enabled: 1
  m_EditorHideFlags: 0
  m_Script: {fileID: 11500000, guid: a669d8c121e1be643a1218892203ed3e, type: 3}
  m_Name: 
  m_EditorClassIdentifier: 
  effect_token: {fileID: 21300000, guid: 99e4e5ad5cbc94da089ebe08bbc5f7fd, type: 3}
  tooltip_prefab: {fileID: 0}
  force_target_self: 0
  effect_amount: 15
  use_ap_cost_for_amount: 0
  isEndTurnEffect: 0
--- !u!114 &5654077870301251801
MonoBehaviour:
  m_ObjectHideFlags: 0
  m_CorrespondingSourceObject: {fileID: 0}
  m_PrefabInstance: {fileID: 0}
  m_PrefabAsset: {fileID: 0}
  m_GameObject: {fileID: 1298158397814613261}
  m_Enabled: 1
  m_EditorHideFlags: 0
  m_Script: {fileID: 11500000, guid: 3295d0991f8d7f145a8ec8735356129e, type: 3}
  m_Name: 
  m_EditorClassIdentifier: 
  effect_token: {fileID: 21300000, guid: 7b4326eb6294243f6ad1591934703a47, type: 3}
  tooltip_prefab: {fileID: 0}
  force_target_self: 0
  effect_amount: 1
  use_ap_cost_for_amount: 0
  isEndTurnEffect: 0
--- !u!114 &6394160951825187110
MonoBehaviour:
  m_ObjectHideFlags: 0
  m_CorrespondingSourceObject: {fileID: 0}
  m_PrefabInstance: {fileID: 0}
  m_PrefabAsset: {fileID: 0}
  m_GameObject: {fileID: 1298158397814613261}
  m_Enabled: 1
  m_EditorHideFlags: 0
  m_Script: {fileID: 11500000, guid: 93e9244bff92a794496b753284f25450, type: 3}
  m_Name: 
  m_EditorClassIdentifier: 
  effect_token: {fileID: 21300000, guid: 7dc2c94a083c445269bcb978cf5316ba, type: 3}
  tooltip_prefab: {fileID: 0}
  force_target_self: 0
  effect_amount: 5
  use_ap_cost_for_amount: 0
  isEndTurnEffect: 0
--- !u!114 &519190855033377412
MonoBehaviour:
  m_ObjectHideFlags: 0
  m_CorrespondingSourceObject: {fileID: 0}
  m_PrefabInstance: {fileID: 0}
  m_PrefabAsset: {fileID: 0}
  m_GameObject: {fileID: 619993078714783947}
  m_Enabled: 1
  m_EditorHideFlags: 0
  m_Script: {fileID: 11500000, guid: 900ffdf4f2f38e643bc5e0472dac844a, type: 3}
  m_Name: 
  m_EditorClassIdentifier: 
  effect_token: {fileID: 21300000, guid: d2946fe0fbee941b5baba23ea0295625, type: 3}
  tooltip_prefab: {fileID: 0}
  force_target_self: 0
  effect_amount: 1
  use_ap_cost_for_amount: 0
  isEndTurnEffect: 0
--- !u!114 &6938877248056713551
MonoBehaviour:
  m_ObjectHideFlags: 0
  m_CorrespondingSourceObject: {fileID: 0}
  m_PrefabInstance: {fileID: 0}
  m_PrefabAsset: {fileID: 0}
  m_GameObject: {fileID: 619993078714783947}
  m_Enabled: 1
  m_EditorHideFlags: 0
  m_Script: {fileID: 11500000, guid: f42ac52246209e243a804a1068d7d51e, type: 3}
  m_Name: 
  m_EditorClassIdentifier: 
  effect_token: {fileID: 21300000, guid: e274e312172414d2bbe9857084e87627, type: 3}
  tooltip_prefab: {fileID: 0}
  force_target_self: 1
  effect_amount: 3
  use_ap_cost_for_amount: 0
  isEndTurnEffect: 0
--- !u!114 &7570452709956283868
MonoBehaviour:
  m_ObjectHideFlags: 0
  m_CorrespondingSourceObject: {fileID: 0}
  m_PrefabInstance: {fileID: 0}
  m_PrefabAsset: {fileID: 0}
  m_GameObject: {fileID: 619993078714783947}
  m_Enabled: 1
  m_EditorHideFlags: 0
  m_Script: {fileID: 11500000, guid: 233bf8afb448b9044a06271d918566fa, type: 3}
  m_Name: 
  m_EditorClassIdentifier: 
  effect_token: {fileID: 21300000, guid: ff169139a08734608b400031d2979314, type: 3}
  tooltip_prefab: {fileID: 0}
  force_target_self: 0
  effect_amount: 4
  use_ap_cost_for_amount: 0
  isEndTurnEffect: 0
  damage: 4
--- !u!114 &1653567050532898422
MonoBehaviour:
  m_ObjectHideFlags: 0
  m_CorrespondingSourceObject: {fileID: 0}
  m_PrefabInstance: {fileID: 0}
  m_PrefabAsset: {fileID: 0}
  m_GameObject: {fileID: 651342398312154665}
  m_Enabled: 1
  m_EditorHideFlags: 0
  m_Script: {fileID: 11500000, guid: ed362d6ea5f2c5747b37cf5c979512c7, type: 3}
  m_Name: 
  m_EditorClassIdentifier: 
  effect_token: {fileID: 21300000, guid: 118a7b67e47204ea1b655fa1e920203c, type: 3}
  tooltip_prefab: {fileID: 0}
  force_target_self: 1
  effect_amount: 3
  use_ap_cost_for_amount: 0
  isEndTurnEffect: 0
--- !u!114 &1839120196704719576
MonoBehaviour:
  m_ObjectHideFlags: 0
  m_CorrespondingSourceObject: {fileID: 0}
  m_PrefabInstance: {fileID: 0}
  m_PrefabAsset: {fileID: 0}
  m_GameObject: {fileID: 651342398312154665}
  m_Enabled: 1
  m_EditorHideFlags: 0
  m_Script: {fileID: 11500000, guid: b904fffaac435d94c91c2d0ad4ecc8cf, type: 3}
  m_Name: 
  m_EditorClassIdentifier: 
  effect_token: {fileID: 21300000, guid: c20e4f88455a94c4caa9c67b6d26c565, type: 3}
  tooltip_prefab: {fileID: 0}
  force_target_self: 0
  effect_amount: 1
  use_ap_cost_for_amount: 0
  isEndTurnEffect: 0
--- !u!114 &2378301239473191067
MonoBehaviour:
  m_ObjectHideFlags: 0
  m_CorrespondingSourceObject: {fileID: 0}
  m_PrefabInstance: {fileID: 0}
  m_PrefabAsset: {fileID: 0}
  m_GameObject: {fileID: 651342398312154665}
  m_Enabled: 1
  m_EditorHideFlags: 0
  m_Script: {fileID: 11500000, guid: 072226247b85ad34abbba5574efc71b1, type: 3}
  m_Name: 
  m_EditorClassIdentifier: 
  effect_token: {fileID: 21300000, guid: ff169139a08734608b400031d2979314, type: 3}
  tooltip_prefab: {fileID: 0}
  force_target_self: 0
  effect_amount: 12
  use_ap_cost_for_amount: 0
  isEndTurnEffect: 0
--- !u!114 &3304077397180656527
MonoBehaviour:
  m_ObjectHideFlags: 0
  m_CorrespondingSourceObject: {fileID: 0}
  m_PrefabInstance: {fileID: 0}
  m_PrefabAsset: {fileID: 0}
  m_GameObject: {fileID: 6575768843414327312}
  m_Enabled: 1
  m_EditorHideFlags: 0
  m_Script: {fileID: 11500000, guid: da673d4ea097ea84a9a6ae94c2a3b5d1, type: 3}
  m_Name: 
  m_EditorClassIdentifier: 
  effect_token: {fileID: 21300000, guid: e5b618ce6d6ef491aa358072a5846cc1, type: 3}
  tooltip_prefab: {fileID: 0}
  force_target_self: 0
  effect_amount: 5
  use_ap_cost_for_amount: 0
  isEndTurnEffect: 0
--- !u!114 &3693006672561471951
MonoBehaviour:
  m_ObjectHideFlags: 0
  m_CorrespondingSourceObject: {fileID: 0}
  m_PrefabInstance: {fileID: 0}
  m_PrefabAsset: {fileID: 0}
  m_GameObject: {fileID: 6575768843414327312}
  m_Enabled: 1
  m_EditorHideFlags: 0
  m_Script: {fileID: 11500000, guid: 9adcdfbdd12336244a6c8f2d069beb08, type: 3}
  m_Name: 
  m_EditorClassIdentifier: 
  effect_token: {fileID: 21300000, guid: 2b309c15e4d6743de8e821dcf631020e, type: 3}
  tooltip_prefab: {fileID: 0}
  force_target_self: 0
  effect_amount: 1
  use_ap_cost_for_amount: 0
  isEndTurnEffect: 0
--- !u!114 &9096004629516692954
MonoBehaviour:
  m_ObjectHideFlags: 0
  m_CorrespondingSourceObject: {fileID: 0}
  m_PrefabInstance: {fileID: 0}
  m_PrefabAsset: {fileID: 0}
  m_GameObject: {fileID: 6575768843414327312}
  m_Enabled: 1
  m_EditorHideFlags: 0
  m_Script: {fileID: 11500000, guid: da673d4ea097ea84a9a6ae94c2a3b5d1, type: 3}
  m_Name: 
  m_EditorClassIdentifier: 
  effect_token: {fileID: 21300000, guid: a553c3a5167b04f9885a7a55d153cea0, type: 3}
  tooltip_prefab: {fileID: 0}
  force_target_self: 0
  effect_amount: 15
  use_ap_cost_for_amount: 0
  isEndTurnEffect: 0
--- !u!1001 &257251267933224424
PrefabInstance:
  m_ObjectHideFlags: 0
  serializedVersion: 2
  m_Modification:
    m_TransformParent: {fileID: 0}
    m_Modifications:
    - target: {fileID: 322055959176374984, guid: bbdd781b54d77f843bdb3f0f09b6b2ec, type: 3}
      propertyPath: m_Bounds.m_Center.x
      value: 0.00014159083
      objectReference: {fileID: 0}
    - target: {fileID: 322055959176374984, guid: bbdd781b54d77f843bdb3f0f09b6b2ec, type: 3}
      propertyPath: m_Bounds.m_Center.y
      value: -0.00002321601
      objectReference: {fileID: 0}
    - target: {fileID: 322055959176374984, guid: bbdd781b54d77f843bdb3f0f09b6b2ec, type: 3}
      propertyPath: m_Bounds.m_Extent.x
      value: 0.3778585
      objectReference: {fileID: 0}
    - target: {fileID: 322055959176374984, guid: bbdd781b54d77f843bdb3f0f09b6b2ec, type: 3}
      propertyPath: m_Bounds.m_Extent.y
      value: 0.106944025
      objectReference: {fileID: 0}
    - target: {fileID: 1464998011120187297, guid: bbdd781b54d77f843bdb3f0f09b6b2ec, type: 3}
      propertyPath: m_AnchoredPosition.x
      value: -2.3899999
      objectReference: {fileID: 0}
    - target: {fileID: 1464998011120187297, guid: bbdd781b54d77f843bdb3f0f09b6b2ec, type: 3}
      propertyPath: m_AnchoredPosition.y
      value: 0.75
      objectReference: {fileID: 0}
    - target: {fileID: 1557802717932008430, guid: bbdd781b54d77f843bdb3f0f09b6b2ec, type: 3}
      propertyPath: m_Bounds.m_Center.x
      value: 0.000046014786
      objectReference: {fileID: 0}
    - target: {fileID: 1557802717932008430, guid: bbdd781b54d77f843bdb3f0f09b6b2ec, type: 3}
      propertyPath: m_Bounds.m_Center.y
      value: 0.00039999187
      objectReference: {fileID: 0}
    - target: {fileID: 1557802717932008430, guid: bbdd781b54d77f843bdb3f0f09b6b2ec, type: 3}
      propertyPath: m_Bounds.m_Extent.x
      value: 0.34748286
      objectReference: {fileID: 0}
    - target: {fileID: 1557802717932008430, guid: bbdd781b54d77f843bdb3f0f09b6b2ec, type: 3}
      propertyPath: m_Bounds.m_Extent.y
      value: 0.19960007
      objectReference: {fileID: 0}
    - target: {fileID: 1608718884015310929, guid: bbdd781b54d77f843bdb3f0f09b6b2ec, type: 3}
      propertyPath: m_Bounds.m_Center.x
      value: 0.00021879375
      objectReference: {fileID: 0}
    - target: {fileID: 1608718884015310929, guid: bbdd781b54d77f843bdb3f0f09b6b2ec, type: 3}
      propertyPath: m_Bounds.m_Center.y
      value: 0.000024817884
      objectReference: {fileID: 0}
    - target: {fileID: 1608718884015310929, guid: bbdd781b54d77f843bdb3f0f09b6b2ec, type: 3}
      propertyPath: m_Bounds.m_Extent.x
      value: 0.21581882
      objectReference: {fileID: 0}
    - target: {fileID: 1608718884015310929, guid: bbdd781b54d77f843bdb3f0f09b6b2ec, type: 3}
      propertyPath: m_Bounds.m_Extent.y
      value: 0.0723744
      objectReference: {fileID: 0}
    - target: {fileID: 1677935917466657166, guid: bbdd781b54d77f843bdb3f0f09b6b2ec, type: 3}
      propertyPath: m_AnchorMax.x
      value: 0
      objectReference: {fileID: 0}
    - target: {fileID: 1677935917466657166, guid: bbdd781b54d77f843bdb3f0f09b6b2ec, type: 3}
      propertyPath: m_AnchorMax.y
      value: 0
      objectReference: {fileID: 0}
    - target: {fileID: 2639573912488529046, guid: bbdd781b54d77f843bdb3f0f09b6b2ec, type: 3}
      propertyPath: m_AnchoredPosition.y
      value: 4.09
      objectReference: {fileID: 0}
    - target: {fileID: 3377731676015291888, guid: bbdd781b54d77f843bdb3f0f09b6b2ec, type: 3}
      propertyPath: available_actions.Array.size
      value: 4
      objectReference: {fileID: 0}
    - target: {fileID: 3377731676015291888, guid: bbdd781b54d77f843bdb3f0f09b6b2ec, type: 3}
      propertyPath: available_actions.Array.data[0]
      value: 
      objectReference: {fileID: 651342398312154660}
    - target: {fileID: 3377731676015291888, guid: bbdd781b54d77f843bdb3f0f09b6b2ec, type: 3}
      propertyPath: available_actions.Array.data[1]
      value: 
      objectReference: {fileID: 1298158397814613248}
    - target: {fileID: 3377731676015291888, guid: bbdd781b54d77f843bdb3f0f09b6b2ec, type: 3}
      propertyPath: available_actions.Array.data[2]
      value: 
      objectReference: {fileID: 6575768843414327325}
    - target: {fileID: 3377731676015291888, guid: bbdd781b54d77f843bdb3f0f09b6b2ec, type: 3}
      propertyPath: available_actions.Array.data[3]
      value: 
      objectReference: {fileID: 619993078714783942}
    - target: {fileID: 4126690555663885103, guid: bbdd781b54d77f843bdb3f0f09b6b2ec, type: 3}
      propertyPath: m_Bounds.m_Center.x
      value: 0.00017392635
      objectReference: {fileID: 0}
    - target: {fileID: 4126690555663885103, guid: bbdd781b54d77f843bdb3f0f09b6b2ec, type: 3}
      propertyPath: m_Bounds.m_Center.y
      value: 0.00044754893
      objectReference: {fileID: 0}
    - target: {fileID: 4126690555663885103, guid: bbdd781b54d77f843bdb3f0f09b6b2ec, type: 3}
      propertyPath: m_Bounds.m_Extent.x
      value: 0.21582559
      objectReference: {fileID: 0}
    - target: {fileID: 4126690555663885103, guid: bbdd781b54d77f843bdb3f0f09b6b2ec, type: 3}
      propertyPath: m_Bounds.m_Extent.y
      value: 0.072351605
      objectReference: {fileID: 0}
    - target: {fileID: 4817828163635900791, guid: bbdd781b54d77f843bdb3f0f09b6b2ec, type: 3}
      propertyPath: m_AnchoredPosition.y
      value: 720
      objectReference: {fileID: 0}
    - target: {fileID: 5895787806593288173, guid: bbdd781b54d77f843bdb3f0f09b6b2ec, type: 3}
      propertyPath: m_Bounds.m_Center.x
      value: 0.000070244074
      objectReference: {fileID: 0}
    - target: {fileID: 5895787806593288173, guid: bbdd781b54d77f843bdb3f0f09b6b2ec, type: 3}
      propertyPath: m_Bounds.m_Center.y
      value: -0.000091820955
      objectReference: {fileID: 0}
    - target: {fileID: 5895787806593288173, guid: bbdd781b54d77f843bdb3f0f09b6b2ec, type: 3}
      propertyPath: m_Bounds.m_Extent.x
      value: 0.2511301
      objectReference: {fileID: 0}
    - target: {fileID: 5895787806593288173, guid: bbdd781b54d77f843bdb3f0f09b6b2ec, type: 3}
      propertyPath: m_Bounds.m_Extent.y
      value: 0.3347081
      objectReference: {fileID: 0}
    - target: {fileID: 6118523925042319389, guid: bbdd781b54d77f843bdb3f0f09b6b2ec, type: 3}
      propertyPath: m_Pivot.y
      value: 0.5
      objectReference: {fileID: 0}
    - target: {fileID: 6118523925042319389, guid: bbdd781b54d77f843bdb3f0f09b6b2ec, type: 3}
      propertyPath: m_AnchoredPosition.x
      value: -3.09
      objectReference: {fileID: 0}
    - target: {fileID: 6118523925042319389, guid: bbdd781b54d77f843bdb3f0f09b6b2ec, type: 3}
      propertyPath: m_AnchoredPosition.y
      value: 1.26
      objectReference: {fileID: 0}
    - target: {fileID: 6118908153278914487, guid: bbdd781b54d77f843bdb3f0f09b6b2ec, type: 3}
      propertyPath: m_Bounds.m_Center.x
      value: 0.00004169345
      objectReference: {fileID: 0}
    - target: {fileID: 6118908153278914487, guid: bbdd781b54d77f843bdb3f0f09b6b2ec, type: 3}
      propertyPath: m_Bounds.m_Center.y
      value: 0.0005348623
      objectReference: {fileID: 0}
    - target: {fileID: 6118908153278914487, guid: bbdd781b54d77f843bdb3f0f09b6b2ec, type: 3}
      propertyPath: m_Bounds.m_Extent.x
      value: 0.14539804
      objectReference: {fileID: 0}
    - target: {fileID: 6118908153278914487, guid: bbdd781b54d77f843bdb3f0f09b6b2ec, type: 3}
      propertyPath: m_Bounds.m_Extent.y
      value: 0.15306443
      objectReference: {fileID: 0}
    - target: {fileID: 7762751649006007178, guid: bbdd781b54d77f843bdb3f0f09b6b2ec, type: 3}
      propertyPath: m_Bounds.m_Center.x
      value: -0.00000023841858
      objectReference: {fileID: 0}
    - target: {fileID: 7762751649006007178, guid: bbdd781b54d77f843bdb3f0f09b6b2ec, type: 3}
      propertyPath: m_Bounds.m_Center.y
      value: -0.00005108118
      objectReference: {fileID: 0}
    - target: {fileID: 7762751649006007178, guid: bbdd781b54d77f843bdb3f0f09b6b2ec, type: 3}
      propertyPath: m_Bounds.m_Extent.x
      value: 0.2216
      objectReference: {fileID: 0}
    - target: {fileID: 7762751649006007178, guid: bbdd781b54d77f843bdb3f0f09b6b2ec, type: 3}
      propertyPath: m_Bounds.m_Extent.y
      value: 0.31885839
      objectReference: {fileID: 0}
    - target: {fileID: 8042692166629766460, guid: bbdd781b54d77f843bdb3f0f09b6b2ec, type: 3}
      propertyPath: m_AnchoredPosition.x
      value: -3.09
      objectReference: {fileID: 0}
    - target: {fileID: 8042692166629766460, guid: bbdd781b54d77f843bdb3f0f09b6b2ec, type: 3}
      propertyPath: m_AnchoredPosition.y
      value: 0.23
      objectReference: {fileID: 0}
    - target: {fileID: 8136149689120269530, guid: bbdd781b54d77f843bdb3f0f09b6b2ec, type: 3}
      propertyPath: m_RootOrder
      value: 0
      objectReference: {fileID: 0}
    - target: {fileID: 8136149689120269530, guid: bbdd781b54d77f843bdb3f0f09b6b2ec, type: 3}
      propertyPath: m_LocalPosition.x
      value: 4.56
      objectReference: {fileID: 0}
    - target: {fileID: 8136149689120269530, guid: bbdd781b54d77f843bdb3f0f09b6b2ec, type: 3}
      propertyPath: m_LocalPosition.y
      value: -1.49
      objectReference: {fileID: 0}
    - target: {fileID: 8136149689120269530, guid: bbdd781b54d77f843bdb3f0f09b6b2ec, type: 3}
      propertyPath: m_LocalPosition.z
      value: 0
      objectReference: {fileID: 0}
    - target: {fileID: 8136149689120269530, guid: bbdd781b54d77f843bdb3f0f09b6b2ec, type: 3}
      propertyPath: m_LocalRotation.w
      value: 1
      objectReference: {fileID: 0}
    - target: {fileID: 8136149689120269530, guid: bbdd781b54d77f843bdb3f0f09b6b2ec, type: 3}
      propertyPath: m_LocalRotation.x
      value: 0
      objectReference: {fileID: 0}
    - target: {fileID: 8136149689120269530, guid: bbdd781b54d77f843bdb3f0f09b6b2ec, type: 3}
      propertyPath: m_LocalRotation.y
      value: 0
      objectReference: {fileID: 0}
    - target: {fileID: 8136149689120269530, guid: bbdd781b54d77f843bdb3f0f09b6b2ec, type: 3}
      propertyPath: m_LocalRotation.z
      value: 0
      objectReference: {fileID: 0}
    - target: {fileID: 8136149689120269530, guid: bbdd781b54d77f843bdb3f0f09b6b2ec, type: 3}
      propertyPath: m_LocalEulerAnglesHint.x
      value: 0
      objectReference: {fileID: 0}
    - target: {fileID: 8136149689120269530, guid: bbdd781b54d77f843bdb3f0f09b6b2ec, type: 3}
      propertyPath: m_LocalEulerAnglesHint.y
      value: 0
      objectReference: {fileID: 0}
    - target: {fileID: 8136149689120269530, guid: bbdd781b54d77f843bdb3f0f09b6b2ec, type: 3}
      propertyPath: m_LocalEulerAnglesHint.z
      value: 0
      objectReference: {fileID: 0}
    - target: {fileID: 8136149689120269531, guid: bbdd781b54d77f843bdb3f0f09b6b2ec, type: 3}
      propertyPath: CR
      value: 7
      objectReference: {fileID: 0}
    - target: {fileID: 8136149689120269531, guid: bbdd781b54d77f843bdb3f0f09b6b2ec, type: 3}
      propertyPath: enemyName
      value: Dragon
      objectReference: {fileID: 0}
    - target: {fileID: 8136149689120269531, guid: bbdd781b54d77f843bdb3f0f09b6b2ec, type: 3}
      propertyPath: base_speed
      value: 4
      objectReference: {fileID: 0}
    - target: {fileID: 8136149689120269531, guid: bbdd781b54d77f843bdb3f0f09b6b2ec, type: 3}
      propertyPath: UITurnToken
      value: 
      objectReference: {fileID: 21300000, guid: 89271f5d2c65c424bb5569a22c919764, type: 3}
    - target: {fileID: 8136149689120269531, guid: bbdd781b54d77f843bdb3f0f09b6b2ec, type: 3}
      propertyPath: starting_armour
      value: 15
      objectReference: {fileID: 0}
    - target: {fileID: 8136149689120269532, guid: bbdd781b54d77f843bdb3f0f09b6b2ec, type: 3}
      propertyPath: max_health
      value: 60
      objectReference: {fileID: 0}
    - target: {fileID: 8136149689120269533, guid: bbdd781b54d77f843bdb3f0f09b6b2ec, type: 3}
      propertyPath: m_Size.x
      value: 4.0122657
      objectReference: {fileID: 0}
    - target: {fileID: 8136149689120269533, guid: bbdd781b54d77f843bdb3f0f09b6b2ec, type: 3}
      propertyPath: m_Size.y
      value: 4.478449
      objectReference: {fileID: 0}
    - target: {fileID: 8136149689120269533, guid: bbdd781b54d77f843bdb3f0f09b6b2ec, type: 3}
      propertyPath: m_Offset.x
      value: 0.26297617
      objectReference: {fileID: 0}
    - target: {fileID: 8136149689120269533, guid: bbdd781b54d77f843bdb3f0f09b6b2ec, type: 3}
      propertyPath: m_Offset.y
      value: 2.324943
      objectReference: {fileID: 0}
    - target: {fileID: 8136149689120269534, guid: bbdd781b54d77f843bdb3f0f09b6b2ec, type: 3}
      propertyPath: m_Enabled
      value: 0
      objectReference: {fileID: 0}
    - target: {fileID: 8136149689120269535, guid: bbdd781b54d77f843bdb3f0f09b6b2ec, type: 3}
      propertyPath: m_Name
      value: Dragon Variant
      objectReference: {fileID: 0}
    - target: {fileID: 8233580056118138203, guid: bbdd781b54d77f843bdb3f0f09b6b2ec, type: 3}
      propertyPath: m_Bounds.m_Center.x
      value: 0.00000023841858
      objectReference: {fileID: 0}
    - target: {fileID: 8233580056118138203, guid: bbdd781b54d77f843bdb3f0f09b6b2ec, type: 3}
      propertyPath: m_Bounds.m_Center.y
      value: 0.00000014901161
      objectReference: {fileID: 0}
    - target: {fileID: 8233580056118138203, guid: bbdd781b54d77f843bdb3f0f09b6b2ec, type: 3}
      propertyPath: m_Bounds.m_Extent.x
      value: 0.20040002
      objectReference: {fileID: 0}
    - target: {fileID: 8233580056118138203, guid: bbdd781b54d77f843bdb3f0f09b6b2ec, type: 3}
      propertyPath: m_Bounds.m_Extent.y
      value: 0.34560013
      objectReference: {fileID: 0}
    - target: {fileID: 8254660555155860782, guid: bbdd781b54d77f843bdb3f0f09b6b2ec, type: 3}
      propertyPath: m_AnchoredPosition.x
      value: -0.05
      objectReference: {fileID: 0}
    - target: {fileID: 8254660555155860782, guid: bbdd781b54d77f843bdb3f0f09b6b2ec, type: 3}
      propertyPath: m_AnchoredPosition.y
      value: 3.896
      objectReference: {fileID: 0}
    - target: {fileID: 8503254461485932066, guid: bbdd781b54d77f843bdb3f0f09b6b2ec, type: 3}
      propertyPath: m_Bounds.m_Center.x
      value: -0.00000023841858
      objectReference: {fileID: 0}
    - target: {fileID: 8503254461485932066, guid: bbdd781b54d77f843bdb3f0f09b6b2ec, type: 3}
      propertyPath: m_Bounds.m_Center.y
      value: 0.00039961934
      objectReference: {fileID: 0}
    - target: {fileID: 8503254461485932066, guid: bbdd781b54d77f843bdb3f0f09b6b2ec, type: 3}
      propertyPath: m_Bounds.m_Extent.x
      value: 0.21600011
      objectReference: {fileID: 0}
    - target: {fileID: 8503254461485932066, guid: bbdd781b54d77f843bdb3f0f09b6b2ec, type: 3}
      propertyPath: m_Bounds.m_Extent.y
      value: 0.07239966
      objectReference: {fileID: 0}
    m_RemovedComponents: []
  m_SourcePrefab: {fileID: 100100000, guid: bbdd781b54d77f843bdb3f0f09b6b2ec, type: 3}
--- !u!4 &8320569235588159794 stripped
Transform:
  m_CorrespondingSourceObject: {fileID: 8136149689120269530, guid: bbdd781b54d77f843bdb3f0f09b6b2ec, type: 3}
  m_PrefabInstance: {fileID: 257251267933224424}
  m_PrefabAsset: {fileID: 0}
--- !u!1001 &2612134979606398318
PrefabInstance:
  m_ObjectHideFlags: 0
  serializedVersion: 2
  m_Modification:
    m_TransformParent: {fileID: 8320569235588159794}
    m_Modifications:
    - target: {fileID: 3910205037969793123, guid: 8cdf07e986726214a83c3ace23421b07, type: 3}
      propertyPath: m_Name
      value: Maintenance
      objectReference: {fileID: 0}
    - target: {fileID: 3910205037969793132, guid: 8cdf07e986726214a83c3ace23421b07, type: 3}
      propertyPath: m_RootOrder
      value: 9
      objectReference: {fileID: 0}
    - target: {fileID: 3910205037969793132, guid: 8cdf07e986726214a83c3ace23421b07, type: 3}
      propertyPath: m_LocalPosition.x
      value: 0
      objectReference: {fileID: 0}
    - target: {fileID: 3910205037969793132, guid: 8cdf07e986726214a83c3ace23421b07, type: 3}
      propertyPath: m_LocalPosition.y
      value: 0
      objectReference: {fileID: 0}
    - target: {fileID: 3910205037969793132, guid: 8cdf07e986726214a83c3ace23421b07, type: 3}
      propertyPath: m_LocalPosition.z
      value: 0
      objectReference: {fileID: 0}
    - target: {fileID: 3910205037969793132, guid: 8cdf07e986726214a83c3ace23421b07, type: 3}
      propertyPath: m_LocalRotation.w
      value: 1
      objectReference: {fileID: 0}
    - target: {fileID: 3910205037969793132, guid: 8cdf07e986726214a83c3ace23421b07, type: 3}
      propertyPath: m_LocalRotation.x
      value: -0
      objectReference: {fileID: 0}
    - target: {fileID: 3910205037969793132, guid: 8cdf07e986726214a83c3ace23421b07, type: 3}
      propertyPath: m_LocalRotation.y
      value: -0
      objectReference: {fileID: 0}
    - target: {fileID: 3910205037969793132, guid: 8cdf07e986726214a83c3ace23421b07, type: 3}
      propertyPath: m_LocalRotation.z
      value: -0
      objectReference: {fileID: 0}
    - target: {fileID: 3910205037969793132, guid: 8cdf07e986726214a83c3ace23421b07, type: 3}
      propertyPath: m_LocalEulerAnglesHint.x
      value: 0
      objectReference: {fileID: 0}
    - target: {fileID: 3910205037969793132, guid: 8cdf07e986726214a83c3ace23421b07, type: 3}
      propertyPath: m_LocalEulerAnglesHint.y
      value: 0
      objectReference: {fileID: 0}
    - target: {fileID: 3910205037969793132, guid: 8cdf07e986726214a83c3ace23421b07, type: 3}
      propertyPath: m_LocalEulerAnglesHint.z
      value: 0
      objectReference: {fileID: 0}
    - target: {fileID: 3910205037969793134, guid: 8cdf07e986726214a83c3ace23421b07, type: 3}
      propertyPath: sound_name
      value: Shields
      objectReference: {fileID: 0}
    - target: {fileID: 3910205037969793134, guid: 8cdf07e986726214a83c3ace23421b07, type: 3}
      propertyPath: energy_requirement
      value: 2
      objectReference: {fileID: 0}
    - target: {fileID: 3910205037969793134, guid: 8cdf07e986726214a83c3ace23421b07, type: 3}
      propertyPath: energy_type_required
      value: 1
      objectReference: {fileID: 0}
    - target: {fileID: 3910205037969793134, guid: 8cdf07e986726214a83c3ace23421b07, type: 3}
      propertyPath: visual_effect_prefab
      value: 
      objectReference: {fileID: 3123034477758616712, guid: 5f38bd30810704f4cbbd145e106dc540, type: 3}
    - target: {fileID: 3910205037969793134, guid: 8cdf07e986726214a83c3ace23421b07, type: 3}
      propertyPath: energy_amount_consumed
      value: 1
      objectReference: {fileID: 0}
    - target: {fileID: 3910205037969793134, guid: 8cdf07e986726214a83c3ace23421b07, type: 3}
      propertyPath: action_effects.Array.size
      value: 3
      objectReference: {fileID: 0}
    - target: {fileID: 3910205037969793134, guid: 8cdf07e986726214a83c3ace23421b07, type: 3}
      propertyPath: energy_effects.Array.size
      value: 3
      objectReference: {fileID: 0}
    - target: {fileID: 3910205037969793134, guid: 8cdf07e986726214a83c3ace23421b07, type: 3}
      propertyPath: action_effects.Array.data[0]
      value: 
      objectReference: {fileID: 2636419136417525166}
    - target: {fileID: 3910205037969793134, guid: 8cdf07e986726214a83c3ace23421b07, type: 3}
      propertyPath: action_effects.Array.data[1]
      value: 
      objectReference: {fileID: 6394160951825187110}
    - target: {fileID: 3910205037969793134, guid: 8cdf07e986726214a83c3ace23421b07, type: 3}
      propertyPath: action_effects.Array.data[2]
      value: 
      objectReference: {fileID: 5654077870301251801}
    - target: {fileID: 3910205037969793134, guid: 8cdf07e986726214a83c3ace23421b07, type: 3}
      propertyPath: energy_effects.Array.data[0]
      value: 
      objectReference: {fileID: 2636419136417525166}
    - target: {fileID: 3910205037969793134, guid: 8cdf07e986726214a83c3ace23421b07, type: 3}
      propertyPath: energy_effects.Array.data[1]
      value: 
      objectReference: {fileID: 5654077870301251801}
    - target: {fileID: 3910205037969793134, guid: 8cdf07e986726214a83c3ace23421b07, type: 3}
      propertyPath: energy_effects.Array.data[2]
      value: 
      objectReference: {fileID: 6394160951825187110}
    m_RemovedComponents: []
  m_SourcePrefab: {fileID: 100100000, guid: 8cdf07e986726214a83c3ace23421b07, type: 3}
--- !u!1 &1298158397814613261 stripped
GameObject:
  m_CorrespondingSourceObject: {fileID: 3910205037969793123, guid: 8cdf07e986726214a83c3ace23421b07, type: 3}
  m_PrefabInstance: {fileID: 2612134979606398318}
  m_PrefabAsset: {fileID: 0}
--- !u!114 &1298158397814613248 stripped
MonoBehaviour:
  m_CorrespondingSourceObject: {fileID: 3910205037969793134, guid: 8cdf07e986726214a83c3ace23421b07, type: 3}
  m_PrefabInstance: {fileID: 2612134979606398318}
  m_PrefabAsset: {fileID: 0}
  m_GameObject: {fileID: 1298158397814613261}
  m_Enabled: 1
  m_EditorHideFlags: 0
  m_Script: {fileID: 11500000, guid: e68c4ef05b8006d40be40e6a85d00eac, type: 3}
  m_Name: 
  m_EditorClassIdentifier: 
--- !u!1001 &4528790161875482792
PrefabInstance:
  m_ObjectHideFlags: 0
  serializedVersion: 2
  m_Modification:
    m_TransformParent: {fileID: 8320569235588159794}
    m_Modifications:
    - target: {fileID: 3910205037969793123, guid: 8cdf07e986726214a83c3ace23421b07, type: 3}
      propertyPath: m_Name
      value: Aerodynamic Design
      objectReference: {fileID: 0}
    - target: {fileID: 3910205037969793132, guid: 8cdf07e986726214a83c3ace23421b07, type: 3}
      propertyPath: m_RootOrder
      value: 11
      objectReference: {fileID: 0}
    - target: {fileID: 3910205037969793132, guid: 8cdf07e986726214a83c3ace23421b07, type: 3}
      propertyPath: m_LocalPosition.x
      value: 0
      objectReference: {fileID: 0}
    - target: {fileID: 3910205037969793132, guid: 8cdf07e986726214a83c3ace23421b07, type: 3}
      propertyPath: m_LocalPosition.y
      value: 0
      objectReference: {fileID: 0}
    - target: {fileID: 3910205037969793132, guid: 8cdf07e986726214a83c3ace23421b07, type: 3}
      propertyPath: m_LocalPosition.z
      value: 0
      objectReference: {fileID: 0}
    - target: {fileID: 3910205037969793132, guid: 8cdf07e986726214a83c3ace23421b07, type: 3}
      propertyPath: m_LocalRotation.w
      value: 1
      objectReference: {fileID: 0}
    - target: {fileID: 3910205037969793132, guid: 8cdf07e986726214a83c3ace23421b07, type: 3}
      propertyPath: m_LocalRotation.x
      value: -0
      objectReference: {fileID: 0}
    - target: {fileID: 3910205037969793132, guid: 8cdf07e986726214a83c3ace23421b07, type: 3}
      propertyPath: m_LocalRotation.y
      value: -0
      objectReference: {fileID: 0}
    - target: {fileID: 3910205037969793132, guid: 8cdf07e986726214a83c3ace23421b07, type: 3}
      propertyPath: m_LocalRotation.z
      value: -0
      objectReference: {fileID: 0}
    - target: {fileID: 3910205037969793132, guid: 8cdf07e986726214a83c3ace23421b07, type: 3}
      propertyPath: m_LocalEulerAnglesHint.x
      value: 0
      objectReference: {fileID: 0}
    - target: {fileID: 3910205037969793132, guid: 8cdf07e986726214a83c3ace23421b07, type: 3}
      propertyPath: m_LocalEulerAnglesHint.y
      value: 0
      objectReference: {fileID: 0}
    - target: {fileID: 3910205037969793132, guid: 8cdf07e986726214a83c3ace23421b07, type: 3}
      propertyPath: m_LocalEulerAnglesHint.z
      value: 0
      objectReference: {fileID: 0}
    - target: {fileID: 3910205037969793134, guid: 8cdf07e986726214a83c3ace23421b07, type: 3}
      propertyPath: sound_name
      value: WarHorn
      objectReference: {fileID: 0}
    - target: {fileID: 3910205037969793134, guid: 8cdf07e986726214a83c3ace23421b07, type: 3}
      propertyPath: target_type
      value: 2
      objectReference: {fileID: 0}
    - target: {fileID: 3910205037969793134, guid: 8cdf07e986726214a83c3ace23421b07, type: 3}
      propertyPath: energy_requirement
      value: 2
      objectReference: {fileID: 0}
    - target: {fileID: 3910205037969793134, guid: 8cdf07e986726214a83c3ace23421b07, type: 3}
      propertyPath: energy_type_required
      value: 2
      objectReference: {fileID: 0}
    - target: {fileID: 3910205037969793134, guid: 8cdf07e986726214a83c3ace23421b07, type: 3}
      propertyPath: visual_effect_prefab
      value: 
      objectReference: {fileID: 205769384932291987, guid: 16b5986c10110445191acd8a69d37910, type: 3}
    - target: {fileID: 3910205037969793134, guid: 8cdf07e986726214a83c3ace23421b07, type: 3}
      propertyPath: energy_amount_consumed
      value: 1
      objectReference: {fileID: 0}
    - target: {fileID: 3910205037969793134, guid: 8cdf07e986726214a83c3ace23421b07, type: 3}
      propertyPath: action_effects.Array.size
      value: 3
      objectReference: {fileID: 0}
    - target: {fileID: 3910205037969793134, guid: 8cdf07e986726214a83c3ace23421b07, type: 3}
      propertyPath: energy_effects.Array.size
      value: 3
      objectReference: {fileID: 0}
    - target: {fileID: 3910205037969793134, guid: 8cdf07e986726214a83c3ace23421b07, type: 3}
      propertyPath: action_effects.Array.data[0]
      value: 
      objectReference: {fileID: 7570452709956283868}
    - target: {fileID: 3910205037969793134, guid: 8cdf07e986726214a83c3ace23421b07, type: 3}
      propertyPath: action_effects.Array.data[1]
      value: 
      objectReference: {fileID: 6938877248056713551}
    - target: {fileID: 3910205037969793134, guid: 8cdf07e986726214a83c3ace23421b07, type: 3}
      propertyPath: action_effects.Array.data[2]
      value: 
      objectReference: {fileID: 519190855033377412}
    - target: {fileID: 3910205037969793134, guid: 8cdf07e986726214a83c3ace23421b07, type: 3}
      propertyPath: energy_effects.Array.data[0]
      value: 
      objectReference: {fileID: 7570452709956283868}
    - target: {fileID: 3910205037969793134, guid: 8cdf07e986726214a83c3ace23421b07, type: 3}
      propertyPath: energy_effects.Array.data[1]
      value: 
      objectReference: {fileID: 519190855033377412}
    - target: {fileID: 3910205037969793134, guid: 8cdf07e986726214a83c3ace23421b07, type: 3}
      propertyPath: energy_effects.Array.data[2]
      value: 
      objectReference: {fileID: 6938877248056713551}
    m_RemovedComponents: []
  m_SourcePrefab: {fileID: 100100000, guid: 8cdf07e986726214a83c3ace23421b07, type: 3}
--- !u!1 &619993078714783947 stripped
GameObject:
  m_CorrespondingSourceObject: {fileID: 3910205037969793123, guid: 8cdf07e986726214a83c3ace23421b07, type: 3}
  m_PrefabInstance: {fileID: 4528790161875482792}
  m_PrefabAsset: {fileID: 0}
--- !u!114 &619993078714783942 stripped
MonoBehaviour:
  m_CorrespondingSourceObject: {fileID: 3910205037969793134, guid: 8cdf07e986726214a83c3ace23421b07, type: 3}
  m_PrefabInstance: {fileID: 4528790161875482792}
  m_PrefabAsset: {fileID: 0}
  m_GameObject: {fileID: 619993078714783947}
  m_Enabled: 1
  m_EditorHideFlags: 0
  m_Script: {fileID: 11500000, guid: e68c4ef05b8006d40be40e6a85d00eac, type: 3}
  m_Name: 
  m_EditorClassIdentifier: 
--- !u!1001 &4560420971385579082
PrefabInstance:
  m_ObjectHideFlags: 0
  serializedVersion: 2
  m_Modification:
    m_TransformParent: {fileID: 8320569235588159794}
    m_Modifications:
    - target: {fileID: 3910205037969793123, guid: 8cdf07e986726214a83c3ace23421b07, type: 3}
      propertyPath: m_Name
      value: Railgun
      objectReference: {fileID: 0}
    - target: {fileID: 3910205037969793132, guid: 8cdf07e986726214a83c3ace23421b07, type: 3}
      propertyPath: m_RootOrder
      value: 8
      objectReference: {fileID: 0}
    - target: {fileID: 3910205037969793132, guid: 8cdf07e986726214a83c3ace23421b07, type: 3}
      propertyPath: m_LocalPosition.x
      value: 0
      objectReference: {fileID: 0}
    - target: {fileID: 3910205037969793132, guid: 8cdf07e986726214a83c3ace23421b07, type: 3}
      propertyPath: m_LocalPosition.y
      value: 0
      objectReference: {fileID: 0}
    - target: {fileID: 3910205037969793132, guid: 8cdf07e986726214a83c3ace23421b07, type: 3}
      propertyPath: m_LocalPosition.z
      value: 0
      objectReference: {fileID: 0}
    - target: {fileID: 3910205037969793132, guid: 8cdf07e986726214a83c3ace23421b07, type: 3}
      propertyPath: m_LocalRotation.w
      value: 1
      objectReference: {fileID: 0}
    - target: {fileID: 3910205037969793132, guid: 8cdf07e986726214a83c3ace23421b07, type: 3}
      propertyPath: m_LocalRotation.x
      value: -0
      objectReference: {fileID: 0}
    - target: {fileID: 3910205037969793132, guid: 8cdf07e986726214a83c3ace23421b07, type: 3}
      propertyPath: m_LocalRotation.y
      value: -0
      objectReference: {fileID: 0}
    - target: {fileID: 3910205037969793132, guid: 8cdf07e986726214a83c3ace23421b07, type: 3}
      propertyPath: m_LocalRotation.z
      value: -0
      objectReference: {fileID: 0}
    - target: {fileID: 3910205037969793132, guid: 8cdf07e986726214a83c3ace23421b07, type: 3}
      propertyPath: m_LocalEulerAnglesHint.x
      value: 0
      objectReference: {fileID: 0}
    - target: {fileID: 3910205037969793132, guid: 8cdf07e986726214a83c3ace23421b07, type: 3}
      propertyPath: m_LocalEulerAnglesHint.y
      value: 0
      objectReference: {fileID: 0}
    - target: {fileID: 3910205037969793132, guid: 8cdf07e986726214a83c3ace23421b07, type: 3}
      propertyPath: m_LocalEulerAnglesHint.z
      value: 0
      objectReference: {fileID: 0}
    - target: {fileID: 3910205037969793134, guid: 8cdf07e986726214a83c3ace23421b07, type: 3}
      propertyPath: sound_name
      value: Railgun
      objectReference: {fileID: 0}
    - target: {fileID: 3910205037969793134, guid: 8cdf07e986726214a83c3ace23421b07, type: 3}
      propertyPath: target_type
      value: 1
      objectReference: {fileID: 0}
    - target: {fileID: 3910205037969793134, guid: 8cdf07e986726214a83c3ace23421b07, type: 3}
      propertyPath: energy_requirement
      value: 2
      objectReference: {fileID: 0}
    - target: {fileID: 3910205037969793134, guid: 8cdf07e986726214a83c3ace23421b07, type: 3}
      propertyPath: energy_type_required
      value: 3
      objectReference: {fileID: 0}
    - target: {fileID: 3910205037969793134, guid: 8cdf07e986726214a83c3ace23421b07, type: 3}
      propertyPath: visual_effect_prefab
      value: 
      objectReference: {fileID: 205769384932291987, guid: 16b5986c10110445191acd8a69d37910, type: 3}
    - target: {fileID: 3910205037969793134, guid: 8cdf07e986726214a83c3ace23421b07, type: 3}
      propertyPath: energy_amount_consumed
      value: 1
      objectReference: {fileID: 0}
    - target: {fileID: 3910205037969793134, guid: 8cdf07e986726214a83c3ace23421b07, type: 3}
      propertyPath: action_effects.Array.size
      value: 3
      objectReference: {fileID: 0}
    - target: {fileID: 3910205037969793134, guid: 8cdf07e986726214a83c3ace23421b07, type: 3}
      propertyPath: energy_effects.Array.size
      value: 3
      objectReference: {fileID: 0}
    - target: {fileID: 3910205037969793134, guid: 8cdf07e986726214a83c3ace23421b07, type: 3}
      propertyPath: action_effects.Array.data[0]
      value: 
      objectReference: {fileID: 2378301239473191067}
    - target: {fileID: 3910205037969793134, guid: 8cdf07e986726214a83c3ace23421b07, type: 3}
      propertyPath: action_effects.Array.data[1]
      value: 
      objectReference: {fileID: 1653567050532898422}
    - target: {fileID: 3910205037969793134, guid: 8cdf07e986726214a83c3ace23421b07, type: 3}
      propertyPath: action_effects.Array.data[2]
      value: 
      objectReference: {fileID: 1839120196704719576}
    - target: {fileID: 3910205037969793134, guid: 8cdf07e986726214a83c3ace23421b07, type: 3}
      propertyPath: energy_effects.Array.data[0]
      value: 
      objectReference: {fileID: 2378301239473191067}
    - target: {fileID: 3910205037969793134, guid: 8cdf07e986726214a83c3ace23421b07, type: 3}
      propertyPath: energy_effects.Array.data[1]
      value: 
      objectReference: {fileID: 1653567050532898422}
    - target: {fileID: 3910205037969793134, guid: 8cdf07e986726214a83c3ace23421b07, type: 3}
      propertyPath: energy_effects.Array.data[2]
      value: 
      objectReference: {fileID: 1839120196704719576}
    m_RemovedComponents: []
  m_SourcePrefab: {fileID: 100100000, guid: 8cdf07e986726214a83c3ace23421b07, type: 3}
--- !u!1 &651342398312154665 stripped
GameObject:
  m_CorrespondingSourceObject: {fileID: 3910205037969793123, guid: 8cdf07e986726214a83c3ace23421b07, type: 3}
  m_PrefabInstance: {fileID: 4560420971385579082}
  m_PrefabAsset: {fileID: 0}
--- !u!114 &651342398312154660 stripped
MonoBehaviour:
  m_CorrespondingSourceObject: {fileID: 3910205037969793134, guid: 8cdf07e986726214a83c3ace23421b07, type: 3}
  m_PrefabInstance: {fileID: 4560420971385579082}
  m_PrefabAsset: {fileID: 0}
  m_GameObject: {fileID: 651342398312154665}
  m_Enabled: 1
  m_EditorHideFlags: 0
  m_Script: {fileID: 11500000, guid: e68c4ef05b8006d40be40e6a85d00eac, type: 3}
  m_Name: 
  m_EditorClassIdentifier: 
--- !u!1001 &6785938978673618134
PrefabInstance:
  m_ObjectHideFlags: 0
  serializedVersion: 2
  m_Modification:
    m_TransformParent: {fileID: 8320569235588159794}
    m_Modifications:
    - target: {fileID: 238788718358908002, guid: a110632814aacc241a8ea84a1e725e85, type: 3}
      propertyPath: m_Bounds.m_Center.y
      value: -0.00043988228
      objectReference: {fileID: 0}
    - target: {fileID: 491614070217339289, guid: a110632814aacc241a8ea84a1e725e85, type: 3}
      propertyPath: m_Bounds.m_Extent.x
      value: 0.5145453
      objectReference: {fileID: 0}
    - target: {fileID: 749863180409819402, guid: a110632814aacc241a8ea84a1e725e85, type: 3}
      propertyPath: m_Bounds.m_Center.x
      value: 0.0017500818
      objectReference: {fileID: 0}
    - target: {fileID: 749863180409819402, guid: a110632814aacc241a8ea84a1e725e85, type: 3}
      propertyPath: m_Bounds.m_Center.y
      value: -0.00000035762787
      objectReference: {fileID: 0}
    - target: {fileID: 1475561782811788839, guid: a110632814aacc241a8ea84a1e725e85, type: 3}
      propertyPath: m_Bounds.m_Center.x
      value: 0.0000009536743
      objectReference: {fileID: 0}
    - target: {fileID: 1475561782811788839, guid: a110632814aacc241a8ea84a1e725e85, type: 3}
      propertyPath: m_Bounds.m_Center.y
      value: 0.00017511845
      objectReference: {fileID: 0}
    - target: {fileID: 1475561782811788839, guid: a110632814aacc241a8ea84a1e725e85, type: 3}
      propertyPath: m_Bounds.m_Extent.x
      value: 1.9727274
      objectReference: {fileID: 0}
    - target: {fileID: 1475561782811788839, guid: a110632814aacc241a8ea84a1e725e85, type: 3}
      propertyPath: m_Bounds.m_Extent.y
      value: 1.3168621
      objectReference: {fileID: 0}
    - target: {fileID: 1666159676930309424, guid: a110632814aacc241a8ea84a1e725e85, type: 3}
      propertyPath: m_Bounds.m_Center.y
      value: 0.0018173456
      objectReference: {fileID: 0}
    - target: {fileID: 2522328662201154403, guid: a110632814aacc241a8ea84a1e725e85, type: 3}
      propertyPath: m_Bounds.m_Center.x
      value: 0.0016963184
      objectReference: {fileID: 0}
    - target: {fileID: 2522328662201154403, guid: a110632814aacc241a8ea84a1e725e85, type: 3}
      propertyPath: m_Bounds.m_Center.y
      value: 0.0016833842
      objectReference: {fileID: 0}
    - target: {fileID: 2522328662201154403, guid: a110632814aacc241a8ea84a1e725e85, type: 3}
      propertyPath: m_Bounds.m_Extent.x
      value: 0.42896912
      objectReference: {fileID: 0}
    - target: {fileID: 2522328662201154403, guid: a110632814aacc241a8ea84a1e725e85, type: 3}
      propertyPath: m_Bounds.m_Extent.y
      value: 0.45441103
      objectReference: {fileID: 0}
    - target: {fileID: 2557746054428471587, guid: a110632814aacc241a8ea84a1e725e85, type: 3}
      propertyPath: m_Bounds.m_Center.y
      value: -0.0002965927
      objectReference: {fileID: 0}
    - target: {fileID: 3027273872037407666, guid: a110632814aacc241a8ea84a1e725e85, type: 3}
      propertyPath: m_Bounds.m_Center.x
      value: 0.00012820959
      objectReference: {fileID: 0}
    - target: {fileID: 3027273872037407666, guid: a110632814aacc241a8ea84a1e725e85, type: 3}
      propertyPath: m_Bounds.m_Center.y
      value: 0.000116467476
      objectReference: {fileID: 0}
    - target: {fileID: 3092528313801448156, guid: a110632814aacc241a8ea84a1e725e85, type: 3}
      propertyPath: m_Bounds.m_Center.y
      value: 0.00057423115
      objectReference: {fileID: 0}
    - target: {fileID: 3272731634548907000, guid: a110632814aacc241a8ea84a1e725e85, type: 3}
      propertyPath: m_RootOrder
      value: 7
      objectReference: {fileID: 0}
    - target: {fileID: 3272731634548907000, guid: a110632814aacc241a8ea84a1e725e85, type: 3}
      propertyPath: m_LocalScale.x
      value: 0.8
      objectReference: {fileID: 0}
    - target: {fileID: 3272731634548907000, guid: a110632814aacc241a8ea84a1e725e85, type: 3}
      propertyPath: m_LocalScale.y
      value: 0.8
      objectReference: {fileID: 0}
    - target: {fileID: 3272731634548907000, guid: a110632814aacc241a8ea84a1e725e85, type: 3}
      propertyPath: m_LocalPosition.x
      value: -0.35
      objectReference: {fileID: 0}
    - target: {fileID: 3272731634548907000, guid: a110632814aacc241a8ea84a1e725e85, type: 3}
      propertyPath: m_LocalPosition.y
      value: 0.06
      objectReference: {fileID: 0}
    - target: {fileID: 3272731634548907000, guid: a110632814aacc241a8ea84a1e725e85, type: 3}
      propertyPath: m_LocalPosition.z
      value: 0
      objectReference: {fileID: 0}
    - target: {fileID: 3272731634548907000, guid: a110632814aacc241a8ea84a1e725e85, type: 3}
      propertyPath: m_LocalRotation.w
      value: 1
      objectReference: {fileID: 0}
    - target: {fileID: 3272731634548907000, guid: a110632814aacc241a8ea84a1e725e85, type: 3}
      propertyPath: m_LocalRotation.x
      value: -0
      objectReference: {fileID: 0}
    - target: {fileID: 3272731634548907000, guid: a110632814aacc241a8ea84a1e725e85, type: 3}
      propertyPath: m_LocalRotation.y
      value: -0
      objectReference: {fileID: 0}
    - target: {fileID: 3272731634548907000, guid: a110632814aacc241a8ea84a1e725e85, type: 3}
      propertyPath: m_LocalRotation.z
      value: -0
      objectReference: {fileID: 0}
    - target: {fileID: 3272731634548907000, guid: a110632814aacc241a8ea84a1e725e85, type: 3}
      propertyPath: m_LocalEulerAnglesHint.x
      value: 0
      objectReference: {fileID: 0}
    - target: {fileID: 3272731634548907000, guid: a110632814aacc241a8ea84a1e725e85, type: 3}
      propertyPath: m_LocalEulerAnglesHint.y
      value: 0
      objectReference: {fileID: 0}
    - target: {fileID: 3272731634548907000, guid: a110632814aacc241a8ea84a1e725e85, type: 3}
      propertyPath: m_LocalEulerAnglesHint.z
      value: 0
      objectReference: {fileID: 0}
    - target: {fileID: 3478358744585221047, guid: a110632814aacc241a8ea84a1e725e85, type: 3}
      propertyPath: m_Bounds.m_Center.x
      value: 0.00023424625
      objectReference: {fileID: 0}
    - target: {fileID: 3478358744585221047, guid: a110632814aacc241a8ea84a1e725e85, type: 3}
      propertyPath: m_Bounds.m_Center.y
      value: 0.0011684299
      objectReference: {fileID: 0}
    - target: {fileID: 3478358744585221047, guid: a110632814aacc241a8ea84a1e725e85, type: 3}
      propertyPath: m_Bounds.m_Extent.x
      value: 0.7911423
      objectReference: {fileID: 0}
    - target: {fileID: 3478358744585221047, guid: a110632814aacc241a8ea84a1e725e85, type: 3}
      propertyPath: m_Bounds.m_Extent.y
      value: 0.84415495
      objectReference: {fileID: 0}
    - target: {fileID: 4463277191488597029, guid: a110632814aacc241a8ea84a1e725e85, type: 3}
      propertyPath: m_Bounds.m_Center.x
      value: 0.0000064969063
      objectReference: {fileID: 0}
    - target: {fileID: 4463277191488597029, guid: a110632814aacc241a8ea84a1e725e85, type: 3}
      propertyPath: m_Bounds.m_Center.y
      value: 0.0018159151
      objectReference: {fileID: 0}
    - target: {fileID: 6808597458781360272, guid: a110632814aacc241a8ea84a1e725e85, type: 3}
      propertyPath: m_Name
      value: DragonRigged
      objectReference: {fileID: 0}
    - target: {fileID: 7644009258474990130, guid: a110632814aacc241a8ea84a1e725e85, type: 3}
      propertyPath: m_Bounds.m_Center.x
      value: 0.0000009536743
      objectReference: {fileID: 0}
    - target: {fileID: 7644009258474990130, guid: a110632814aacc241a8ea84a1e725e85, type: 3}
      propertyPath: m_Bounds.m_Extent.x
      value: 0.7636366
      objectReference: {fileID: 0}
    - target: {fileID: 7644009258474990130, guid: a110632814aacc241a8ea84a1e725e85, type: 3}
      propertyPath: m_Bounds.m_Extent.y
      value: 0.4813019
      objectReference: {fileID: 0}
    - target: {fileID: 7855902225447995689, guid: a110632814aacc241a8ea84a1e725e85, type: 3}
      propertyPath: m_Bounds.m_Center.x
      value: 0.0010609776
      objectReference: {fileID: 0}
    - target: {fileID: 7855902225447995689, guid: a110632814aacc241a8ea84a1e725e85, type: 3}
      propertyPath: m_Bounds.m_Extent.x
      value: 0.16105294
      objectReference: {fileID: 0}
    - target: {fileID: 7855902225447995689, guid: a110632814aacc241a8ea84a1e725e85, type: 3}
      propertyPath: m_Bounds.m_Extent.y
      value: 0.36545447
      objectReference: {fileID: 0}
    - target: {fileID: 8519722491436374456, guid: a110632814aacc241a8ea84a1e725e85, type: 3}
      propertyPath: m_Bounds.m_Center.x
      value: 0.00056636333
      objectReference: {fileID: 0}
    - target: {fileID: 8519722491436374456, guid: a110632814aacc241a8ea84a1e725e85, type: 3}
      propertyPath: m_Bounds.m_Center.y
      value: -0.00024014711
      objectReference: {fileID: 0}
    - target: {fileID: 8519722491436374456, guid: a110632814aacc241a8ea84a1e725e85, type: 3}
      propertyPath: m_Bounds.m_Extent.x
      value: 0.83938015
      objectReference: {fileID: 0}
    - target: {fileID: 8519722491436374456, guid: a110632814aacc241a8ea84a1e725e85, type: 3}
      propertyPath: m_Bounds.m_Extent.y
      value: 0.89793456
      objectReference: {fileID: 0}
    m_RemovedComponents: []
  m_SourcePrefab: {fileID: 100100000, guid: a110632814aacc241a8ea84a1e725e85, type: 3}
--- !u!1001 &7854845302613422195
PrefabInstance:
  m_ObjectHideFlags: 0
  serializedVersion: 2
  m_Modification:
    m_TransformParent: {fileID: 8320569235588159794}
    m_Modifications:
    - target: {fileID: 3910205037969793123, guid: 8cdf07e986726214a83c3ace23421b07, type: 3}
      propertyPath: m_Name
      value: Gold Plated Armor
      objectReference: {fileID: 0}
    - target: {fileID: 3910205037969793132, guid: 8cdf07e986726214a83c3ace23421b07, type: 3}
      propertyPath: m_RootOrder
      value: 10
      objectReference: {fileID: 0}
    - target: {fileID: 3910205037969793132, guid: 8cdf07e986726214a83c3ace23421b07, type: 3}
      propertyPath: m_LocalPosition.x
      value: 0
      objectReference: {fileID: 0}
    - target: {fileID: 3910205037969793132, guid: 8cdf07e986726214a83c3ace23421b07, type: 3}
      propertyPath: m_LocalPosition.y
      value: 0
      objectReference: {fileID: 0}
    - target: {fileID: 3910205037969793132, guid: 8cdf07e986726214a83c3ace23421b07, type: 3}
      propertyPath: m_LocalPosition.z
      value: 0
      objectReference: {fileID: 0}
    - target: {fileID: 3910205037969793132, guid: 8cdf07e986726214a83c3ace23421b07, type: 3}
      propertyPath: m_LocalRotation.w
      value: 1
      objectReference: {fileID: 0}
    - target: {fileID: 3910205037969793132, guid: 8cdf07e986726214a83c3ace23421b07, type: 3}
      propertyPath: m_LocalRotation.x
      value: -0
      objectReference: {fileID: 0}
    - target: {fileID: 3910205037969793132, guid: 8cdf07e986726214a83c3ace23421b07, type: 3}
      propertyPath: m_LocalRotation.y
      value: -0
      objectReference: {fileID: 0}
    - target: {fileID: 3910205037969793132, guid: 8cdf07e986726214a83c3ace23421b07, type: 3}
      propertyPath: m_LocalRotation.z
      value: -0
      objectReference: {fileID: 0}
    - target: {fileID: 3910205037969793132, guid: 8cdf07e986726214a83c3ace23421b07, type: 3}
      propertyPath: m_LocalEulerAnglesHint.x
      value: 0
      objectReference: {fileID: 0}
    - target: {fileID: 3910205037969793132, guid: 8cdf07e986726214a83c3ace23421b07, type: 3}
      propertyPath: m_LocalEulerAnglesHint.y
      value: 0
      objectReference: {fileID: 0}
    - target: {fileID: 3910205037969793132, guid: 8cdf07e986726214a83c3ace23421b07, type: 3}
      propertyPath: m_LocalEulerAnglesHint.z
      value: 0
      objectReference: {fileID: 0}
    - target: {fileID: 3910205037969793134, guid: 8cdf07e986726214a83c3ace23421b07, type: 3}
      propertyPath: sound_name
      value: Anvil
      objectReference: {fileID: 0}
    - target: {fileID: 3910205037969793134, guid: 8cdf07e986726214a83c3ace23421b07, type: 3}
      propertyPath: energy_requirement
      value: 2
      objectReference: {fileID: 0}
    - target: {fileID: 3910205037969793134, guid: 8cdf07e986726214a83c3ace23421b07, type: 3}
      propertyPath: energy_type_required
      value: 4
      objectReference: {fileID: 0}
    - target: {fileID: 3910205037969793134, guid: 8cdf07e986726214a83c3ace23421b07, type: 3}
      propertyPath: visual_effect_prefab
      value: 
      objectReference: {fileID: 2906004916533678470, guid: e21ed790f135c42c1b1066810ecfa2c4, type: 3}
    - target: {fileID: 3910205037969793134, guid: 8cdf07e986726214a83c3ace23421b07, type: 3}
      propertyPath: energy_amount_consumed
      value: 1
      objectReference: {fileID: 0}
    - target: {fileID: 3910205037969793134, guid: 8cdf07e986726214a83c3ace23421b07, type: 3}
      propertyPath: action_effects.Array.size
      value: 2
      objectReference: {fileID: 0}
    - target: {fileID: 3910205037969793134, guid: 8cdf07e986726214a83c3ace23421b07, type: 3}
      propertyPath: energy_effects.Array.size
      value: 3
      objectReference: {fileID: 0}
    - target: {fileID: 3910205037969793134, guid: 8cdf07e986726214a83c3ace23421b07, type: 3}
      propertyPath: action_effects.Array.data[0]
      value: 
      objectReference: {fileID: 9096004629516692954}
    - target: {fileID: 3910205037969793134, guid: 8cdf07e986726214a83c3ace23421b07, type: 3}
      propertyPath: action_effects.Array.data[1]
      value: 
      objectReference: {fileID: 3693006672561471951}
    - target: {fileID: 3910205037969793134, guid: 8cdf07e986726214a83c3ace23421b07, type: 3}
      propertyPath: energy_effects.Array.data[0]
      value: 
      objectReference: {fileID: 9096004629516692954}
    - target: {fileID: 3910205037969793134, guid: 8cdf07e986726214a83c3ace23421b07, type: 3}
      propertyPath: energy_effects.Array.data[1]
      value: 
      objectReference: {fileID: 3304077397180656527}
    - target: {fileID: 3910205037969793134, guid: 8cdf07e986726214a83c3ace23421b07, type: 3}
      propertyPath: energy_effects.Array.data[2]
      value: 
      objectReference: {fileID: 3693006672561471951}
    m_RemovedComponents: []
  m_SourcePrefab: {fileID: 100100000, guid: 8cdf07e986726214a83c3ace23421b07, type: 3}
--- !u!1 &6575768843414327312 stripped
GameObject:
  m_CorrespondingSourceObject: {fileID: 3910205037969793123, guid: 8cdf07e986726214a83c3ace23421b07, type: 3}
  m_PrefabInstance: {fileID: 7854845302613422195}
  m_PrefabAsset: {fileID: 0}
--- !u!114 &6575768843414327325 stripped
MonoBehaviour:
  m_CorrespondingSourceObject: {fileID: 3910205037969793134, guid: 8cdf07e986726214a83c3ace23421b07, type: 3}
  m_PrefabInstance: {fileID: 7854845302613422195}
  m_PrefabAsset: {fileID: 0}
  m_GameObject: {fileID: 6575768843414327312}
  m_Enabled: 1
  m_EditorHideFlags: 0
  m_Script: {fileID: 11500000, guid: e68c4ef05b8006d40be40e6a85d00eac, type: 3}
  m_Name: 
  m_EditorClassIdentifier: 
